3030 3723
302 118 359 160 22

303 238 580 280 Adiectivum
614 238 859 280 Dardanus
894 243 941 280 ut
973 239 1046 280 alii
1079 243 1229 294 poetae
1264 241 1322 281 ita
1355 239 1536 281 Ovidius
1567 240 1713 294 posuit
1743 240 1864 282 Trist.
1893 241 1945 293 V,
1976 242 2043 295 10,
2075 246 2102 285 4
2136 242 2351 284 Dardana
2388 241 2538 291 Troia,-
2573 240 2688 282 idem

301 315 427 365 poeta
459 309 689 352 Dardanis
721 310 862 352 armis
896 313 1073 366 opponit
1106 312 1308 365 quolz'ea
1339 324 1467 352 arma
1498 310 1618 352 Trist.
1646 311 1708 359 ΙΙ,
1742 312 1841 364 317,
1877 313 2027 354 Aetola
2057 328 2185 356 arma
2206 314 2466 367 (Diomedis)
2498 313 2689 354 nominat

301 380 470 424 Metam.
505 380 625 435 XIV,
658 382 759 436 528,
792 381 974 425 Raetica
1011 381 1277 437 Thraemque
1308 395 1435 423 arma
1466 380 1587 425 Trist.
1621 381 1677 436 II,
1716 383 1816 433 226,
1865 382 2014 425 Getica
2045 399 2173 428 arma
2203 386 2323 429 Trist.
2351 385 2404 440 V,
2437 386 2482 439 3,
2518 386 2591 436 11;
2633 396 2685 426 ex

302 454 440 495 Ponto
467 454 528 506 II,
563 456 610 507 8,
644 455 712 496 69.
776 454 930 510 ltaque
963 456 1014 497 ab
1050 469 1130 497 usu
1164 459 1204 496 et
1237 455 1551 498 consuetudine
1583 455 1783 496 dictionis
1822 454 2061 497 Ovidianae
2094 455 2311 499 Dardana
2340 472 2467 500 arma
2498 471 2585 499 non
2617 456 2688 498 ab·

301 525 473 568 horrere
512 527 614 568 satis
654 527 758 569 mihi
792 527 941 569 videor
979 527 1313 578 demonstrasse;
1358 525 1543 568 barba-ra
1582 541 1708 569 arma
1747 540 1851 568 num
1891 526 2064 580 dixerit,
2105 529 2261 570 nescio.
2323 529 2482 572 Tamen
2514 530 2690 571 minime

302 599 470 641 offendo
504 600 548 640 in
581 600 758 655 vulgata
791 601 988 650 lectione,
1022 613 1132 655 quae
1164 600 1200 640 si
1235 603 1422 641 exstaret
1455 600 1500 640 in
1535 600 1742 652 Parisino,
1776 613 1861 641 non
1895 600 2100 641 mutanda
2133 600 2236 641 mihi
2270 602 2497 645 videretur.

520 744 638 788 XIV
671 744 725 787 27
758 756 825 797 sq.
890 744 1054 798 Γράφω·
1087 744 1307 798 ,,Ῑῆ]ηι(>η,
1345 744 1624 798 Hymeemeffl
1660 748 1824 786 vocat.
1881 743 2018 798 Fuya
2048 744 2120 785 ille
2155 744 2376 786 vocantis:

1007 816 1112 871 Ipsa
1148 816 1267 858 loe-ets·
1300 817 1498 858 conjvnx
1531 818 1658 859 ees-sit
1688 817 1742 859 ab
1777 818 1879 859 urbe
1909 832 2004 859 sem.

303 889 417 939 Quid
445 903 599 931 causae
625 891 696 941 sit,
729 903 808 929 cur
835 890 964 943 vulgo
992 889 1176 931 editores
1206 889 1257 929 ab
1285 890 1443 943 optima
1471 890 1682 943 scriptura
1710 890 1906 931 codicum
1935 890 2134 942 Parisini,
2168 889 2554 944 Guelpherbytani,
2586 891 2689 931 alio-

303 975 399 1003 rum
428 961 671 1004 recedentes
702 963 856 1001 vocant
889 960 1102 1013 dederint,
1138 974 1222 1002 non
1255 960 1379 1002 facile
1412 964 1476 1002 est
1505 960 1668 1002 videre:
1706 960 1901 1003 videmus
1933 961 2058 1003 facile
2090 961 2132 1002 in
2168 960 2440 1002 inferioribus
2468 960 2689 1002 codicibus

303 1037 476 1087 propter
507 1034 715 1087 pluralem
750 1046 979 1074 numerum
1022 1034 1096 1087 qui
1140 1034 1336 1087 sequitur
1371 1032 1565 1073 rorantis
1598 1033 1782 1074 eundem
1826 1045 2055 1074 numerum
2097 1035 2140 1074 in
2184 1034 2243 1075 eis
2285 1047 2393 1087 quae
2433 1033 2690 1074 antecedunt

303 1110 541 1147 correctum
578 1118 680 1147 esse.

521 1213 638 1256 XIV
671 1213 727 1256 41
761 1226 829 1267 sq.
883 1214 975 1253 Ant
1006 1214 1070 1253 sic
1101 1217 1182 1254 aut
1213 1213 1343 1254 etiam
1382 1213 1545 1253 tremui
1579 1212 1730 1266 massis.
1799 1212 1899 1267 Ipse
1931 1212 2112 1264 iacchus,

1011 1285 1215 1340 Quaeque
1250 1285 1330 1326 tila·
1361 1285 1562 1327 dederam
1598 1285 1747 1337 vitea,
1780 1284 1952 1340 soporis
1985 1288 2123 1326 erant.

303 1357 367 1400 De
394 1358 576 1400 lectione
607 1358 711 1399 vina
739 1371 887 1400 omnes
913 1357 1011 1400 libri
1039 1359 1326 1411 consentiunt,
1355 1370 1483 1412 quam
1512 1361 1624 1399 recte
1647 1369 1691 1399 se
1718 1356 1872 1399 habere
1899 1360 2046 1398 contra
2072 1356 2330 1410 Palmerum,
2354 1356 2690 1410 Sedlmayerum,

304 1431 487 1472 Birtium
523 1435 564 1472 et
605 1432 696 1486 ipse
739 1430 910 1472 defendi
950 1431 973 1471 l.
1008 1430 1033 1471 l.
1067 1444 1104 1485 p.
1140 1431 1227 1472 404
1261 1435 1301 1471 et
1341 1429 1424 1471 Leo
1466 1430 1636 1470 iudicat.
1710 1428 1977 1470 Inurbanum
2022 1428 2337 1484 indignumque
2376 1429 2690 1484 elegantissimo

303 1507 428 1557 poeta
460 1503 631 1544 videtur
664 1504 786 1553 mihi,
820 1503 935 1557 quod
969 1502 1192 1543 Palnierus
1227 1503 1380 1554 voluit,
1413 1507 1455 1543 et
1488 1517 1512 1542 a
1545 1503 1753 1543 sententia
1786 1505 1826 1542 et
1858 1515 1883 1544 a
1916 1501 2102 1542 dictione
2134 1500 2478 1554 vituperandum.
2514 1501 2690 1542 ,Eodem

304 1575 396 1618 loco
432 1575 723 1617 demonstrare
756 1589 852 1616 suni
886 1579 1067 1616 conatus
1100 1575 1258 1616 iniuria
1290 1590 1314 1615 a
1341 1574 1535 1616 Palmero
1563 1574 1615 1615 ad
1642 1573 1906 1628 probandam
1934 1587 2053 1615 suam
2083 1572 2426 1614 emendationem
2453 1571 2591 1626 Priap.
2614 1573 2692 1625 III,

304 1650 330 1689 5
365 1662 456 1703 sqq.
491 1647 693 1700 conferri,
735 1647 809 1689 ubi
851 1660 1058 1689 numerus
1101 1647 1350 1702 singularis,
1396 1660 1481 1688 non
1522 1646 1699 1701 pluralis
1740 1646 2006 1701 pronominis
2048 1643 2242 1687 reflexivi
2288 1644 2482 1686 neutrius
2522 1644 2692 1698 generis

304 1720 481 1775 legitur:
525 1733 573 1762 ea
611 1720 702 1775 ipsa
737 1733 780 1762 re
815 1721 1001 1762 immane
1036 1724 1245 1774 quantum
1286 1720 1353 1761 hic
1392 1720 1512 1762 locus
1553 1719 1606 1761 ab
1646 1719 1718 1760 illo
1758 1718 1979 1773 discrepat.
2042 1716 2351 1772 Reponendum
2393 1716 2524 1772 igitur
2556 1715 2690 1757 (eirea.-

305 1796 514 1833 commate
549 1797 694 1833 utrum
727 1796 825 1832 ante
862 1792 964 1831 rina
999 1805 1053 1832 an
1085 1796 1180 1846 post
1218 1791 1321 1831 rina
1355 1792 1612 1845 distinguas,
1646 1804 1732 1831 non
1766 1791 1950 1831 multum
1982 1791 2168 1830 interest.

523 1923 639 1966 XVI
668 1923 754 1966 145
782 1935 850 1976 sq.
890 1923 1077 1965 Credis
1111 1927 1159 1964 et
1191 1923 1286 1965 hoc
1320 1923 1516 1964 nobis-:22
1554 1922 1701 1963 utitem·
1732 1925 1795 1963 est
1828 1925 1904 1963 tua
1933 1921 2075 1975 yloria
2111 1933 2218 1965 vero,

1008 1993 1236 2049 Famaque
1268 1994 1317 2035 cle
1348 1993 1494 2048 forma
1524 2008 1665 2048 paene
1697 1992 1895 2047 maliyva
1929 1995 2005 2033 tua
2038 1995 2112 2033 est.

304 2067 354 2109 In
388 2066 472 2109 fine
505 2068 759 2122 pentametri
793 2071 938 2109 utrum
974 2070 1049 2108 tua
1083 2070 1146 2108 est
1186 2079 1239 2108 an
1272 2066 1365 2121 fm't
1398 2066 1495 2119 (vid.
1535 2079 1644 2121 quae
1677 2064 1832 2107 Sedlm.
1869 2064 1920 2107 de
1962 2064 2156 2106 Parisino
2196 2061 2387 2117 adnotat)
2420 2061 2694 2104 scribendum

304 2141 377 2192 sit,
412 2153 496 2181 non
530 2140 668 2181 audeo
702 2138 903 2180 iudicare.
959 2139 1042 2181 Sed
1075 2140 1246 2180 initium
1282 2139 1517 2181 hexametri
1552 2138 1802 2180 mutandum
1838 2151 1931 2179 esse
1963 2137 2118 2192 negavi
2151 2136 2175 2177 1.
2198 2136 2221 2178 l.
2250 2150 2287 2190 p.
2311 2136 2397 2178 404
2425 2138 2554 2188 atque
2581 2134 2693 2175 idem

305 2213 468 2254 Birtius
502 2227 581 2254 suo
614 2213 707 2253 iure
746 2212 932 2266 negavit.
1004 2211 1251 2253 Cavendum
1294 2212 1371 2253 ho(-
1411 2212 1680 2265 potissimum
1721 2211 1812 2251 loco
1852 2215 1931 2262 est,
1972 2223 2025 2251 ne
2063 2223 2155 2251 eam
2197 2222 2307 2262 quae
2346 2207 2502 2262 optime
2541 2206 2693 2248 tradita

306 2290 370 2327 est
402 2284 658 2340 scripturam
693 2290 852 2327 temere
885 2284 1161 2339 corrigamus.

523 2406 648 2448 XIX
675 2406 764 2449 ⁶207
780 2418 848 2459 sq.
885 2405 993 2460 Spes·
1028 2409 1170 2446 tamen
1206 2409 1270 2445 est
1300 2405 1457 2458 finctis·
1494 2404 1662 2445 ric-inae
1690 2403 1815 2457 pacis
1851 2403 1898 2442 in
1936 2402 2096 2442 undis.-

1012 2477 1121 2518 Tum
1152 2477 1351 2531 placidas
1386 2480 1499 2516 toto
1527 2479 1697 2529 pectore
1729 2476 1850 2528 finde
1886 2475 1992 2515 rias.

305 2551 498 2593 Praestat
537 2563 632 2593 meo
674 2550 835 2592 iudicio
877 2551 985 2592 hanc
1028 2549 1212 2591 Parisini
1245 2553 1285 2591 et
1323 2548 1412 2590 fere
1453 2549 1645 2590 omnium
1688 2547 1883 2589 codicum
1927 2547 2153 2588 lectionem
2195 2556 2401 2600 reponere
2434 2557 2458 2585 a
2491 2542 2695 2584 Merkelio

306 2627 515 2678 receptam
559 2636 689 2677 quam
731 2635 821 2664 eam
864 2635 973 2676 quae
1012 2621 1162 2663 ceteris
1207 2621 1311 2662 viris
1352 2620 1488 2662 doctis
1526 2619 1685 2674 placuit
1727 2621 1819 2660 tato
1858 2621 2040 2673 pectore.
2121 2616 2243 2667 Quod
2284 2617 2319 2657 si
2360 2614 2696 2671 probaverimus,

306 2708 456 2736 vereor
490 2707 542 2736 ne
576 2694 787 2736 sententia
820 2692 1070 2735 infirmetur.
1136 2691 1253 2734 Hero
1287 2697 1379 2734 orat
1412 2691 1672 2738 Leandrum,
1707 2694 1772 2743 ut,
1807 2689 2015 2745 quamdiu
2048 2691 2294 2744 tempestate
2321 2691 2545 2729 transnare
2571 2685 2625 2726 ad
2653 2698 2697 2727 se

306 2773 484 2821 vetetur,
517 2781 562 2809 se
595 2768 834 2819 contineat3
881 2779 974 2807 esse
1014 2778 1133 2821 spem
1176 2765 1265 2806 fore
1299 2769 1345 2806 ut
1379 2765 1497 2807 brevi
1538 2764 1695 2805 fluctus
1739 2763 1964 2805 sedentur:
2014 2765 2107 2803 tum
2142 2773 2242 2803 vero
2276 2760 2379 2813 (scil.
2416 2772 2514 2800 cum
2557 2763 2697 2800 tutum

306 2845 417 2882 esset
449 2841 578 2881 undis
612 2853 657 2882 se
691 2840 808 2892 dare)
849 2840 991 2881 animo
1025 2852 1102 2880 suo
1136 2843 1176 2880 et
1215 2838 1436 2893 cupiditati
1479 2837 1718 2892 indulgeat,
1761 2840 1853 2877 tum
1896 2834 2084 2890 placidas
2116 2835 2178 2889 (in
2211 2833 2290 2875 hoc
2332 2832 2542 2873 adiectivo
2576 2833 2697 2883 inest,

307 2913 422 2969 quod
451 2913 603 2954 volunt
637 2913 679 2953 in
713 2912 925 2954 adiectivo
954 2914 1047 2951 tuto
1076 2911 1232 2955 inesse)
1260 2911 1350 2951 vias
1377 2913 1463 2951 toto
1491 2913 1659 2964 pectore
1685 2908 1830 2949 findat.
1884 2906 2007 2957 Quod
2036 2906 2338 2959 Sedlmayerus
2371 2907 2486 2957 „toto
2514 2906 2696 2958 pectore,

308 2986 391 3027 mit
427 2999 605 3040 glomer,
654 2985 782 3026 e-oller
822 2984 998 3025 anst“
1038 2988 1163 3039 negat
1202 2983 1411 3038 exemplis
1452 2981 1644 3038 probari,
1688 2994 1822 3023 unum
1867 2981 2008 3022 locum
2052 2979 2179 3021 affero
2222 2978 2390 3020 Metam.
2427 2977 2513 3029 IX,
2547 2978 2604 3018 44
2637 2989 2697 3030 sq.

308 3062 481 3113 totoque
513 3072 585 3113 eyo
614 3062 785 3113 pectore
814 3071 988 3112 pronus
1022 3060 1087 3110 (an
1123 3057 1281 3098 rectius
1315 3068 1414 3097 011111
1448 3055 1703 3096 Grunauero
1733 3056 1884 3108 peetus
1897 3053 1937 3105 ,9)
1973 3052 2032 3093 Et
2062 3051 2220 3106 digitos
2252 3050 2404 3105 cliyitis
2437 3053 2477 3089 et
2507 3049 2697 3102 frontem

305 3132 453 3185 fronte
481 3130 746 3185 premebam.
786 3156 839 3159 —-
875 3129 1039 3178 Quodsi
1071 3141 1120 3169 eo
1155 3129 1206 3168 de
1241 3141 1326 3181 quo
1361 3127 1675 3181 disputavimus
1710 3126 1803 3165 loco
1838 3124 2090 3165 Merkelium
2124 3125 2216 3164 iure
2258 3122 2442 3163 Parisini
2476 3121 2699 3161 lectionem

309 3206 395 3244 toto
428 3203 657 3244 retinuisse
691 3201 876 3251 ostendi,
916 3199 1103 3242 dubitari
1146 3213 1230 3240 non
1266 3202 1420 3253 potest,
1465 3197 1569 3251 quin
1604 3196 1717 3238 idem
1757 3195 1861 3238 falso
1896 3196 2087 3237 omnium
2121 3194 2316 3236 codicum
2351 3192 2576 3234 lectionem
2612 3193 2699 3233 tota

306 3276 532 3319 retinuerit
563 3274 650 3330 IX,
687 3275 760 3329 15,
804 3287 932 3331 quem
973 3273 1116 3316 locum
1159 3272 1329 3330 egregie
1361 3270 1568 3312 Heinsius
1603 3269 1809 3312 correxit:
1861 3267 1914 3310 Se
1948 3267 2029 3309 tibi
2062 3282 2155 3323 pam
2189 3269 2343 3318 terrac,
2390 3263 2470 3305 tibi
2500 3278 2544 3305 se
2577 3266 2699 3305 tacta
