<?xml version="1.0" encoding="UTF-8"?>
<!DOCTYPE html PUBLIC "-//W3C//DTD XHTML 1.0 Transitional//EN"
    "http://www.w3.org/TR/xhtml1/DTD/xhtml1-transitional.dtd">
<html xmlns="http://www.w3.org/1999/xhtml" xml:lang="en" lang="en">
 <head>
  <title>
</title>
<meta http-equiv="Content-Type" content="text/html;charset=utf-8" />
  <meta name='ocr-system' content='tesseract 3.04.00' />
  <meta name='ocr-capabilities' content='ocr_page ocr_carea ocr_par ocr_line ocrx_word'/>
</head>
<body>
  <div class='ocr_page' id='page_1' title='image "./4777081_0027.png"; bbox 0 0 3030 3723; ppageno 0'>
   <div class='ocr_carea' id='block_1_1' title="bbox 0 0 569 758">
    <p class='ocr_par' dir='ltr' id='par_1_1' title="bbox 0 0 569 758">
     <span class='ocr_line' id='line_1_1' title="bbox 0 0 569 364; baseline 0 0"><span class='ocrx_word' id='word_1_1' title='bbox 0 0 569 364; x_wconf 95' lang='lat' dir='ltr'>  </span> 
     </span>
     <span class='ocr_line' id='line_1_2' title="bbox 0 364 169 758; baseline 0 2965"><span class='ocrx_word' id='word_1_2' title='bbox 0 364 169 758; x_wconf 95' lang='lat' dir='ltr'> </span> 
     </span>
    </p>
   </div>
   <div class='ocr_carea' id='block_1_2' title="bbox 2639 133 2691 191">
    <p class='ocr_par' dir='ltr' id='par_1_2' title="bbox 2639 133 2691 191">
     <span class='ocr_line' id='line_1_3' title="bbox 2639 133 2691 191; baseline -0.019 0"><span class='ocrx_word' id='word_1_3' title='bbox 2639 133 2691 191; x_wconf 64' lang='lat' dir='ltr'>ii</span> 
     </span>
    </p>
   </div>
   <div class='ocr_carea' id='block_1_3' title="bbox 319 256 2703 3345">
    <p class='ocr_par' dir='ltr' id='par_1_3' title="bbox 533 256 2219 397">
     <span class='ocr_line' id='line_1_4' title="bbox 533 256 2219 328; baseline -0.004 -12"><span class='ocrx_word' id='word_1_4' title='bbox 533 259 630 316; x_wconf 66' lang='lat' dir='ltr'>XX</span> <span class='ocrx_word' id='word_1_5' title='bbox 661 269 757 315; x_wconf 77' lang='lat'>179·</span> <span class='ocrx_word' id='word_1_6' title='bbox 778 282 846 326; x_wconf 83' lang='lat' dir='ltr'>sq.</span> <span class='ocrx_word' id='word_1_7' title='bbox 900 256 1036 322; x_wconf 72' lang='lat' dir='ltr'>Quem</span> <span class='ocrx_word' id='word_1_8' title='bbox 1067 271 1110 313; x_wconf 78' lang='lat' dir='ltr'>si</span> <span class='ocrx_word' id='word_1_9' title='bbox 1139 270 1382 328; x_wconf 75' lang='lat' dir='ltr'>reppuleris</span> <span class='ocrx_word' id='word_1_10' title='bbox 1413 283 1503 324; x_wconf 74' lang='lat' dir='ltr'>nee,</span> <span class='ocrx_word' id='word_1_11' title='bbox 1537 282 1667 326; x_wconf 81' lang='lat' dir='ltr'>quem</span> <span class='ocrx_word' id='word_1_12' title='bbox 1698 268 1776 310; x_wconf 80' lang='lat' dir='ltr'>dea</span> <span class='ocrx_word' id='word_1_13' title='bbox 1807 267 2006 321; x_wconf 71' lang='lat' dir='ltr'>damnat,</span> <span class='ocrx_word' id='word_1_14' title='bbox 2040 268 2219 322; x_wconf 72' lang='lat' dir='ltr'>amaris,</span> 
     </span>
     <span class='ocr_line' id='line_1_5' title="bbox 1014 341 1957 397; baseline -0.005 -11"><span class='ocrx_word' id='word_1_15' title='bbox 1014 344 1075 386; x_wconf 82' lang='lat' dir='ltr'>Et</span> <span class='ocrx_word' id='word_1_16' title='bbox 1107 348 1156 386; x_wconf 81' lang='lat' dir='ltr'>tu</span> <span class='ocrx_word' id='word_1_17' title='bbox 1187 344 1413 396; x_wconf 73' lang='lat' dir='ltr'>continuo,</span> <span class='ocrx_word' id='word_1_18' title='bbox 1446 346 1554 384; x_wconf 79' lang='lat' dir='ltr'>certe</span> <span class='ocrx_word' id='word_1_19' title='bbox 1586 351 1659 397; x_wconf 75' lang='lat' dir='ltr'>eyo</span> <span class='ocrx_word' id='word_1_20' title='bbox 1691 341 1841 382; x_wconf 77' lang='lat' dir='ltr'>salvus</span> <span class='ocrx_word' id='word_1_21' title='bbox 1873 354 1957 382; x_wconf 86' lang='lat' dir='ltr'>ero.</span> 
     </span>
    </p>

    <p class='ocr_par' dir='ltr' id='par_1_4' title="bbox 319 412 2691 546">
     <span class='ocr_line' id='line_1_6' title="bbox 319 412 2691 473; baseline -0.003 -11"><span class='ocrx_word' id='word_1_22' title='bbox 319 418 450 462; x_wconf 88' lang='lat' dir='ltr'>Hunc</span> <span class='ocrx_word' id='word_1_23' title='bbox 480 417 624 459; x_wconf 90' lang='lat' dir='ltr'>locum</span> <span class='ocrx_word' id='word_1_24' title='bbox 666 422 912 473; x_wconf 89' lang='lat' dir='ltr'>corruptum</span> <span class='ocrx_word' id='word_1_25' title='bbox 954 430 1045 461; x_wconf 90' lang='lat' dir='ltr'>esse</span> <span class='ocrx_word' id='word_1_26' title='bbox 1085 422 1203 459; x_wconf 83' lang='lat' dir='ltr'>ratus</span> <span class='ocrx_word' id='word_1_27' title='bbox 1240 417 1286 458; x_wconf 92' lang='lat' dir='ltr'>in</span> <span class='ocrx_word' id='word_1_28' title='bbox 1326 415 1527 457; x_wconf 87' lang='lat' dir='ltr'>Fleckeis.</span> <span class='ocrx_word' id='word_1_29' title='bbox 1561 426 1657 457; x_wconf 83' lang='lat' dir='ltr'>ann.</span> <span class='ocrx_word' id='word_1_30' title='bbox 1691 412 1885 455; x_wconf 84' lang='lat' dir='ltr'>CXXIX</span> <span class='ocrx_word' id='word_1_31' title='bbox 1917 414 2067 469; x_wconf 87' lang='grc'>(1884)</span> <span class='ocrx_word' id='word_1_32' title='bbox 2099 414 2207 455; x_wconf 89' lang='lat' dir='ltr'>hanc</span> <span class='ocrx_word' id='word_1_33' title='bbox 2239 427 2316 470; x_wconf 84' lang='lat' dir='ltr'>ego</span> <span class='ocrx_word' id='word_1_34' title='bbox 2350 414 2691 456; x_wconf 82' lang='lat' dir='ltr'>emendationem</span> 
     </span>
     <span class='ocr_line' id='line_1_7' title="bbox 319 487 2149 546; baseline -0.003 -15"><span class='ocrx_word' id='word_1_35' title='bbox 319 490 521 546; x_wconf 85' lang='lat' dir='ltr'>proposui</span> <span class='ocrx_word' id='word_1_36' title='bbox 553 493 595 531; x_wconf 92' lang='lat' dir='ltr'>et</span> <span class='ocrx_word' id='word_1_37' title='bbox 626 490 820 545; x_wconf 91' lang='lat' dir='ltr'>pluribus</span> <span class='ocrx_word' id='word_1_38' title='bbox 853 490 1012 543; x_wconf 83' lang='lat' dir='ltr'>verbis,</span> <span class='ocrx_word' id='word_1_39' title='bbox 1044 503 1122 532; x_wconf 82' lang='lat' dir='ltr'>cur</span> <span class='ocrx_word' id='word_1_40' title='bbox 1152 490 1212 531; x_wconf 85' lang='lat' dir='ltr'>ita</span> <span class='ocrx_word' id='word_1_41' title='bbox 1244 488 1464 540; x_wconf 80' lang='lat' dir='ltr'>sentirem,</span> <span class='ocrx_word' id='word_1_42' title='bbox 1496 487 1788 529; x_wconf 87' lang='lat' dir='ltr'>demonstrare</span> <span class='ocrx_word' id='word_1_43' title='bbox 1821 498 1917 527; x_wconf 91' lang='lat' dir='ltr'>sum</span> <span class='ocrx_word' id='word_1_44' title='bbox 1950 490 2149 527; x_wconf 87' lang='lat' dir='ltr'>conatus:</span> 
     </span>
    </p>

    <p class='ocr_par' dir='ltr' id='par_1_5' title="bbox 899 557 2216 615">
     <span class='ocr_line' id='line_1_8' title="bbox 899 557 2216 615; baseline -0.004 -13"><span class='ocrx_word' id='word_1_45' title='bbox 899 561 1037 611; x_wconf 77' lang='lat' dir='ltr'>Quem</span> <span class='ocrx_word' id='word_1_46' title='bbox 1066 560 1109 601; x_wconf 82' lang='lat' dir='ltr'>si</span> <span class='ocrx_word' id='word_1_47' title='bbox 1138 558 1384 615; x_wconf 74' lang='lat' dir='ltr'>reppuleris</span> <span class='ocrx_word' id='word_1_48' title='bbox 1415 572 1504 611; x_wconf 70' lang='lat' dir='ltr'>nee,</span> <span class='ocrx_word' id='word_1_49' title='bbox 1538 571 1667 613; x_wconf 79' lang='lat' dir='ltr'>quem</span> <span class='ocrx_word' id='word_1_50' title='bbox 1698 558 1775 598; x_wconf 82' lang='lat' dir='ltr'>dea</span> <span class='ocrx_word' id='word_1_51' title='bbox 1806 558 2002 610; x_wconf 75' lang='lat' dir='ltr'>damnat,</span> <span class='ocrx_word' id='word_1_52' title='bbox 2035 557 2216 609; x_wconf 75' lang='lat' dir='ltr'>amaris,</span> 
     </span>
    </p>

    <p class='ocr_par' dir='ltr' id='par_1_6' title="bbox 1013 625 2035 685">
     <span class='ocr_line' id='line_1_9' title="bbox 1013 625 2035 685; baseline -0.001 -13"><span class='ocrx_word' id='word_1_53' title='bbox 1013 631 1075 672; x_wconf 80' lang='lat' dir='ltr'>Et</span> <span class='ocrx_word' id='word_1_54' title='bbox 1107 634 1156 672; x_wconf 81' lang='lat' dir='ltr'>tu</span> <span class='ocrx_word' id='word_1_55' title='bbox 1187 625 1412 682; x_wconf 63' lang='lat' dir='ltr'>continuo,</span> <span class='ocrx_word' id='word_1_56' title='bbox 1448 632 1635 685; x_wconf 80' lang='lat' dir='ltr'>terque</span> <span class='ocrx_word' id='word_1_57' title='bbox 1666 642 1738 684; x_wconf 74' lang='grc'>090</span> <span class='ocrx_word' id='word_1_58' title='bbox 1770 630 1918 671; x_wconf 61' lang='lat' dir='ltr'>sale-us</span> <span class='ocrx_word' id='word_1_59' title='bbox 1951 643 2035 671; x_wconf 81' lang='lat' dir='ltr'>ero.</span> 
     </span>
    </p>

    <p class='ocr_par' dir='ltr' id='par_1_7' title="bbox 320 701 2700 2479">
     <span class='ocr_line' id='line_1_10' title="bbox 321 701 2691 758; baseline -0.001 -11"><span class='ocrx_word' id='word_1_60' title='bbox 321 705 371 747; x_wconf 89' lang='lat' dir='ltr'>Id</span> <span class='ocrx_word' id='word_1_61' title='bbox 397 706 511 748; x_wconf 90' lang='lat' dir='ltr'>enim</span> <span class='ocrx_word' id='word_1_62' title='bbox 536 719 671 748; x_wconf 91' lang='lat' dir='ltr'>unum</span> <span class='ocrx_word' id='word_1_63' title='bbox 699 706 875 749; x_wconf 88' lang='lat' dir='ltr'>Carolus</span> <span class='ocrx_word' id='word_1_64' title='bbox 901 703 1075 756; x_wconf 85' lang='lat' dir='ltr'>Dilthey</span> <span class='ocrx_word' id='word_1_65' title='bbox 1108 702 1474 758; x_wconf 89' lang='lat' dir='ltr'>(observationum</span> <span class='ocrx_word' id='word_1_66' title='bbox 1505 703 1550 743; x_wconf 90' lang='lat' dir='ltr'>in</span> <span class='ocrx_word' id='word_1_67' title='bbox 1583 702 1788 757; x_wconf 84' lang='lat' dir='ltr'>epistulas</span> <span class='ocrx_word' id='word_1_68' title='bbox 1820 702 2044 744; x_wconf 84' lang='lat' dir='ltr'>heroidum</span> <span class='ocrx_word' id='word_1_69' title='bbox 2072 701 2306 743; x_wconf 88' lang='lat' dir='ltr'>Ovidianas</span> <span class='ocrx_word' id='word_1_70' title='bbox 2338 703 2481 757; x_wconf 89' lang='lat' dir='ltr'>partic.</span> <span class='ocrx_word' id='word_1_71' title='bbox 2509 702 2529 744; x_wconf 94' lang='grc' dir='ltr'>Ι</span> <span class='ocrx_word' id='word_1_72' title='bbox 2561 704 2691 745; x_wconf 91' lang='lat' dir='ltr'>indici</span> 
     </span>
     <span class='ocr_line' id='line_1_11' title="bbox 322 772 2692 837; baseline -0.001 -18"><span class='ocrx_word' id='word_1_73' title='bbox 322 778 449 821; x_wconf 88' lang='lat' dir='ltr'>schol.</span> <span class='ocrx_word' id='word_1_74' title='bbox 474 778 657 834; x_wconf 89' lang='lat' dir='ltr'>Gotting.</span> <span class='ocrx_word' id='word_1_75' title='bbox 681 776 876 835; x_wconf 80' lang='lat' dir='ltr'>1884s85</span> <span class='ocrx_word' id='word_1_76' title='bbox 903 775 1032 837; x_wconf 85' lang='lat' dir='ltr'>addit.</span> <span class='ocrx_word' id='word_1_77' title='bbox 1055 788 1092 829; x_wconf 93' lang='lat' dir='ltr'>p.</span> <span class='ocrx_word' id='word_1_78' title='bbox 1121 774 1193 828; x_wconf 87' lang='lat'>19)</span> <span class='ocrx_word' id='word_1_79' title='bbox 1220 786 1289 815; x_wconf 92' lang='lat' dir='ltr'>me</span> <span class='ocrx_word' id='word_1_80' title='bbox 1314 772 1440 815; x_wconf 86' lang='lat' dir='ltr'>habet</span> <span class='ocrx_word' id='word_1_81' title='bbox 1465 775 1799 816; x_wconf 81' lang='lat' dir='ltr'>consentientem</span> <span class='ocrx_word' id='word_1_82' title='bbox 1825 787 1921 815; x_wconf 86' lang='lat' dir='ltr'>cum</span> <span class='ocrx_word' id='word_1_83' title='bbox 1950 788 1972 815; x_wconf 87' lang='lat' dir='ltr'>a</span> <span class='ocrx_word' id='word_1_84' title='bbox 2000 775 2161 815; x_wconf 89' lang='lat' dir='ltr'>ratione</span> <span class='ocrx_word' id='word_1_85' title='bbox 2188 776 2362 816; x_wconf 89' lang='lat' dir='ltr'>metrica</span> <span class='ocrx_word' id='word_1_86' title='bbox 2388 779 2478 815; x_wconf 87' lang='lat' dir='ltr'>tum</span> <span class='ocrx_word' id='word_1_87' title='bbox 2506 777 2692 817; x_wconf 81' lang='lat' dir='ltr'>maxime</span> 
     </span>
     <span class='ocr_line' id='line_1_12' title="bbox 322 845 2693 901; baseline -0.002 -9"><span class='ocrx_word' id='word_1_88' title='bbox 322 864 347 892; x_wconf 90' lang='lat' dir='ltr'>a</span> <span class='ocrx_word' id='word_1_89' title='bbox 378 852 585 893; x_wconf 87' lang='lat' dir='ltr'>sententia</span> <span class='ocrx_word' id='word_1_90' title='bbox 616 848 939 893; x_wconf 71' lang='lat' dir='ltr'>nos&#39;offendere</span> <span class='ocrx_word' id='word_1_91' title='bbox 969 845 1080 888; x_wconf 88' lang='lat' dir='ltr'>illud</span> <span class='ocrx_word' id='word_1_92' title='bbox 1112 847 1220 887; x_wconf 79' lang='lat' dir='ltr'>certe</span> <span class='ocrx_word' id='word_1_93' title='bbox 1251 858 1336 899; x_wconf 75' lang='grc'>090,</span> <span class='ocrx_word' id='word_1_94' title='bbox 1372 859 1499 900; x_wconf 90' lang='lat' dir='ltr'>quam</span> <span class='ocrx_word' id='word_1_95' title='bbox 1533 847 1577 887; x_wconf 92' lang='lat' dir='ltr'>in</span> <span class='ocrx_word' id='word_1_96' title='bbox 1604 845 1838 887; x_wconf 87' lang='lat' dir='ltr'>ridiculum</span> <span class='ocrx_word' id='word_1_97' title='bbox 1864 845 2130 900; x_wconf 87' lang='lat' dir='ltr'>detorqueat,</span> <span class='ocrx_word' id='word_1_98' title='bbox 2165 848 2368 901; x_wconf 88' lang='lat' dir='ltr'>quoniam</span> <span class='ocrx_word' id='word_1_99' title='bbox 2394 846 2521 888; x_wconf 88' lang='lat' dir='ltr'>faciat</span> <span class='ocrx_word' id='word_1_100' title='bbox 2553 848 2693 888; x_wconf 89' lang='lat' dir='ltr'>Acon-</span> 
     </span>
     <span class='ocr_line' id='line_1_13' title="bbox 321 917 2693 975; baseline -0.002 -10"><span class='ocrx_word' id='word_1_101' title='bbox 321 924 429 965; x_wconf 89' lang='lat' dir='ltr'>tium</span> <span class='ocrx_word' id='word_1_102' title='bbox 461 923 575 965; x_wconf 88' lang='lat' dir='ltr'>haud</span> <span class='ocrx_word' id='word_1_103' title='bbox 608 922 788 965; x_wconf 84' lang='lat' dir='ltr'>obscure</span> <span class='ocrx_word' id='word_1_104' title='bbox 819 918 1086 975; x_wconf 89' lang='lat' dir='ltr'>profitentem</span> <span class='ocrx_word' id='word_1_105' title='bbox 1121 930 1167 959; x_wconf 89' lang='lat' dir='ltr'>se</span> <span class='ocrx_word' id='word_1_106' title='bbox 1200 930 1303 959; x_wconf 88' lang='lat' dir='ltr'>suae</span> <span class='ocrx_word' id='word_1_107' title='bbox 1335 919 1469 973; x_wconf 87' lang='lat' dir='ltr'>magis</span> <span class='ocrx_word' id='word_1_108' title='bbox 1503 931 1631 973; x_wconf 90' lang='lat' dir='ltr'>quam</span> <span class='ocrx_word' id='word_1_109' title='bbox 1665 918 1844 973; x_wconf 87' lang='lat' dir='ltr'>virginis</span> <span class='ocrx_word' id='word_1_110' title='bbox 1886 917 2146 960; x_wconf 81' lang='lat' dir='ltr'>desideratae</span> <span class='ocrx_word' id='word_1_111' title='bbox 2185 918 2312 960; x_wconf 91' lang='lat' dir='ltr'>saluti</span> <span class='ocrx_word' id='word_1_112' title='bbox 2345 918 2494 960; x_wconf 89' lang='lat' dir='ltr'>timere</span> <span class='ocrx_word' id='word_1_113' title='bbox 2526 924 2567 960; x_wconf 89' lang='lat' dir='ltr'>et</span> <span class='ocrx_word' id='word_1_114' title='bbox 2598 932 2693 974; x_wconf 91' lang='lat' dir='ltr'>pro-</span> 
     </span>
     <span class='ocr_line' id='line_1_14' title="bbox 322 988 2690 1051; baseline -0.003 -13"><span class='ocrx_word' id='word_1_115' title='bbox 322 996 492 1051; x_wconf 83' lang='lat' dir='ltr'>spicere.</span> <span class='ocrx_word' id='word_1_116' title='bbox 543 994 641 1037; x_wconf 91' lang='lat' dir='ltr'>Non</span> <span class='ocrx_word' id='word_1_117' title='bbox 665 993 798 1050; x_wconf 89' lang='lat' dir='ltr'>probo</span> <span class='ocrx_word' id='word_1_118' title='bbox 824 991 1014 1044; x_wconf 88' lang='lat' dir='ltr'>reliquas</span> <span class='ocrx_word' id='word_1_119' title='bbox 1047 1002 1198 1031; x_wconf 83' lang='lat' dir='ltr'>causas</span> <span class='ocrx_word' id='word_1_120' title='bbox 1224 988 1433 1043; x_wconf 68' lang='lat' dir='ltr'>Diltheyi,</span> <span class='ocrx_word' id='word_1_121' title='bbox 1461 990 1619 1044; x_wconf 91' lang='lat' dir='ltr'>quibus</span> <span class='ocrx_word' id='word_1_122' title='bbox 1645 993 1852 1043; x_wconf 85' lang='lat' dir='ltr'>movetur,</span> <span class='ocrx_word' id='word_1_123' title='bbox 1879 994 1926 1030; x_wconf 90' lang='lat' dir='ltr'>ut</span> <span class='ocrx_word' id='word_1_124' title='bbox 1952 1002 2018 1031; x_wconf 80' lang='lat' dir='ltr'>vv‚</span> <span class='ocrx_word' id='word_1_125' title='bbox 2050 992 2101 1030; x_wconf 87' lang='lat'>17</span> <span class='ocrx_word' id='word_1_126' title='bbox 2109 991 2284 1033; x_wconf 85' lang='lat'>7—180</span> <span class='ocrx_word' id='word_1_127' title='bbox 2311 994 2532 1045; x_wconf 88' lang='lat' dir='ltr'>suspectos</span> <span class='ocrx_word' id='word_1_128' title='bbox 2559 990 2690 1032; x_wconf 87' lang='lat' dir='ltr'>dicat:</span> 
     </span>
     <span class='ocr_line' id='line_1_15' title="bbox 323 1061 2694 1120; baseline -0.003 -11"><span class='ocrx_word' id='word_1_129' title='bbox 323 1081 451 1120; x_wconf 86' lang='lat' dir='ltr'>quam</span> <span class='ocrx_word' id='word_1_130' title='bbox 478 1080 621 1108; x_wconf 88' lang='lat' dir='ltr'>veram</span> <span class='ocrx_word' id='word_1_131' title='bbox 652 1076 744 1106; x_wconf 88' lang='lat' dir='ltr'>esse</span> <span class='ocrx_word' id='word_1_132' title='bbox 776 1063 1029 1104; x_wconf 87' lang='lat' dir='ltr'>sententiam</span> <span class='ocrx_word' id='word_1_133' title='bbox 1062 1061 1283 1103; x_wconf 88' lang='lat' dir='ltr'>Knaackio</span> <span class='ocrx_word' id='word_1_134' title='bbox 1316 1062 1388 1103; x_wconf 93' lang='lat' dir='ltr'>ille</span> <span class='ocrx_word' id='word_1_135' title='bbox 1419 1062 1624 1115; x_wconf 85' lang='lat' dir='ltr'>probavit.</span> <span class='ocrx_word' id='word_1_136' title='bbox 1676 1061 1850 1102; x_wconf 88' lang='lat' dir='ltr'>Praeter</span> <span class='ocrx_word' id='word_1_137' title='bbox 1881 1062 1956 1102; x_wconf 91' lang='lat' dir='ltr'>hos</span> <span class='ocrx_word' id='word_1_138' title='bbox 1988 1062 2071 1102; x_wconf 80' lang='lat' dir='ltr'>viri</span> <span class='ocrx_word' id='word_1_139' title='bbox 2104 1062 2234 1113; x_wconf 91' lang='lat' dir='ltr'>docti,</span> <span class='ocrx_word' id='word_1_140' title='bbox 2267 1062 2383 1115; x_wconf 89' lang='lat' dir='ltr'>quod</span> <span class='ocrx_word' id='word_1_141' title='bbox 2417 1063 2566 1114; x_wconf 83' lang='lat' dir='ltr'>sciam,</span> <span class='ocrx_word' id='word_1_142' title='bbox 2599 1063 2694 1103; x_wconf 88' lang='lat' dir='ltr'>illos</span> 
     </span>
     <span class='ocr_line' id='line_1_16' title="bbox 323 1132 2693 1188; baseline -0.001 -10"><span class='ocrx_word' id='word_1_143' title='bbox 323 1150 472 1180; x_wconf 89' lang='lat' dir='ltr'>versus</span> <span class='ocrx_word' id='word_1_144' title='bbox 497 1138 784 1187; x_wconf 88' lang='lat' dir='ltr'>retinuerunt,</span> <span class='ocrx_word' id='word_1_145' title='bbox 816 1132 1118 1186; x_wconf 86' lang='lat' dir='ltr'>Sedlmayerus</span> <span class='ocrx_word' id='word_1_146' title='bbox 1146 1138 1185 1175; x_wconf 88' lang='lat' dir='ltr'>et</span> <span class='ocrx_word' id='word_1_147' title='bbox 1211 1132 1340 1188; x_wconf 88' lang='lat' dir='ltr'>Hugo</span> <span class='ocrx_word' id='word_1_148' title='bbox 1368 1132 1550 1187; x_wconf 86' lang='lat' dir='ltr'>Magnus</span> <span class='ocrx_word' id='word_1_149' title='bbox 1577 1132 1873 1174; x_wconf 81' lang='lat' dir='ltr'>emendatione</span> <span class='ocrx_word' id='word_1_150' title='bbox 1899 1146 1992 1174; x_wconf 87' lang='lat' dir='ltr'>mea</span> <span class='ocrx_word' id='word_1_151' title='bbox 2019 1132 2212 1187; x_wconf 83' lang='lat' dir='ltr'>probata,</span> <span class='ocrx_word' id='word_1_152' title='bbox 2246 1147 2375 1186; x_wconf 91' lang='lat' dir='ltr'>quam</span> <span class='ocrx_word' id='word_1_153' title='bbox 2402 1133 2474 1175; x_wconf 91' lang='lat' dir='ltr'>ille</span> <span class='ocrx_word' id='word_1_154' title='bbox 2500 1134 2544 1174; x_wconf 92' lang='lat' dir='ltr'>in</span> <span class='ocrx_word' id='word_1_155' title='bbox 2571 1138 2693 1175; x_wconf 84' lang='lat' dir='ltr'>textu</span> 
     </span>
     <span class='ocr_line' id='line_1_17' title="bbox 322 1204 2693 1264; baseline -0.002 -13"><span class='ocrx_word' id='word_1_156' title='bbox 322 1210 480 1264; x_wconf 88' lang='lat' dir='ltr'>posuit,</span> <span class='ocrx_word' id='word_1_157' title='bbox 516 1207 602 1248; x_wconf 89' lang='lat' dir='ltr'>Leo</span> <span class='ocrx_word' id='word_1_158' title='bbox 636 1209 677 1246; x_wconf 92' lang='lat' dir='ltr'>et</span> <span class='ocrx_word' id='word_1_159' title='bbox 708 1204 958 1246; x_wconf 85' lang='lat' dir='ltr'>Ehwaldius</span> <span class='ocrx_word' id='word_1_160' title='bbox 996 1218 1082 1246; x_wconf 92' lang='lat' dir='ltr'>non</span> <span class='ocrx_word' id='word_1_161' title='bbox 1125 1205 1410 1246; x_wconf 89' lang='lat' dir='ltr'>recedendum</span> <span class='ocrx_word' id='word_1_162' title='bbox 1452 1204 1643 1246; x_wconf 86' lang='lat' dir='ltr'>arbitrati</span> <span class='ocrx_word' id='word_1_163' title='bbox 1681 1218 1705 1245; x_wconf 90' lang='lat' dir='ltr'>a</span> <span class='ocrx_word' id='word_1_164' title='bbox 1737 1204 1910 1259; x_wconf 83' lang='lat' dir='ltr'>vulgata</span> <span class='ocrx_word' id='word_1_165' title='bbox 1951 1204 2140 1245; x_wconf 87' lang='lat' dir='ltr'>lectione.</span> <span class='ocrx_word' id='word_1_166' title='bbox 2205 1205 2350 1259; x_wconf 83' lang='lat' dir='ltr'>Atque</span> <span class='ocrx_word' id='word_1_167' title='bbox 2390 1204 2475 1246; x_wconf 90' lang='lat' dir='ltr'>Leo</span> <span class='ocrx_word' id='word_1_168' title='bbox 2519 1205 2693 1259; x_wconf 88' lang='lat' dir='ltr'>quidem</span> 
     </span>
     <span class='ocr_line' id='line_1_18' title="bbox 323 1274 2694 1332; baseline 0 -16"><span class='ocrx_word' id='word_1_169' title='bbox 323 1291 471 1320; x_wconf 83' lang='lat' dir='ltr'>causas</span> <span class='ocrx_word' id='word_1_170' title='bbox 502 1289 590 1316; x_wconf 90' lang='lat' dir='ltr'>non</span> <span class='ocrx_word' id='word_1_171' title='bbox 621 1276 784 1316; x_wconf 82' lang='lat' dir='ltr'>attulit:</span> <span class='ocrx_word' id='word_1_172' title='bbox 819 1275 1068 1318; x_wconf 86' lang='lat' dir='ltr'>Ehwaldius</span> <span class='ocrx_word' id='word_1_173' title='bbox 1100 1290 1197 1316; x_wconf 88' lang='lat' dir='ltr'>ann.</span> <span class='ocrx_word' id='word_1_174' title='bbox 1226 1276 1349 1317; x_wconf 91' lang='lat' dir='ltr'>Burs.</span> <span class='ocrx_word' id='word_1_175' title='bbox 1376 1281 1474 1317; x_wconf 89' lang='lat' dir='ltr'>tom.</span> <span class='ocrx_word' id='word_1_176' title='bbox 1503 1274 1754 1317; x_wconf 85' lang='lat' dir='ltr'>XXXXIII</span> <span class='ocrx_word' id='word_1_177' title='bbox 1779 1289 1817 1329; x_wconf 92' lang='lat' dir='ltr'>p.</span> <span class='ocrx_word' id='word_1_178' title='bbox 1846 1276 1945 1316; x_wconf 85' lang='lat'>216.</span> <span class='ocrx_word' id='word_1_179' title='bbox 1972 1276 2059 1317; x_wconf 84' lang='lat'>223</span> <span class='ocrx_word' id='word_1_180' title='bbox 2086 1280 2313 1330; x_wconf 87' lang='lat' dir='ltr'>postquam</span> <span class='ocrx_word' id='word_1_181' title='bbox 2340 1275 2530 1329; x_wconf 81' lang='lat' dir='ltr'>Diltheyi</span> <span class='ocrx_word' id='word_1_182' title='bbox 2557 1279 2694 1332; x_wconf 91' lang='lat' dir='ltr'>suspi-</span> 
     </span>
     <span class='ocr_line' id='line_1_19' title="bbox 322 1347 2693 1402; baseline 0 -13"><span class='ocrx_word' id='word_1_183' title='bbox 322 1351 488 1389; x_wconf 86' lang='lat' dir='ltr'>cionem</span> <span class='ocrx_word' id='word_1_184' title='bbox 518 1360 738 1388; x_wconf 83' lang='lat' dir='ltr'>removere</span> <span class='ocrx_word' id='word_1_185' title='bbox 778 1351 953 1388; x_wconf 90' lang='lat' dir='ltr'>conatus</span> <span class='ocrx_word' id='word_1_186' title='bbox 995 1353 1074 1400; x_wconf 90' lang='lat' dir='ltr'>est,</span> <span class='ocrx_word' id='word_1_187' title='bbox 1116 1351 1261 1401; x_wconf 80' lang='lat' dir='ltr'>terque</span> <span class='ocrx_word' id='word_1_188' title='bbox 1293 1361 1365 1401; x_wconf 77' lang='grc'>090</span> <span class='ocrx_word' id='word_1_189' title='bbox 1406 1361 1482 1402; x_wconf 90' lang='lat' dir='ltr'>pro</span> <span class='ocrx_word' id='word_1_190' title='bbox 1523 1350 1630 1388; x_wconf 76' lang='lat' dir='ltr'>certe</span> <span class='ocrx_word' id='word_1_191' title='bbox 1662 1361 1734 1401; x_wconf 74' lang='grc'>090</span> <span class='ocrx_word' id='word_1_192' title='bbox 1767 1349 1802 1387; x_wconf 92' lang='lat' dir='ltr'>si</span> <span class='ocrx_word' id='word_1_193' title='bbox 1845 1347 2066 1400; x_wconf 81' lang='lat' dir='ltr'>scribatur,</span> <span class='ocrx_word' id='word_1_194' title='bbox 2111 1352 2152 1387; x_wconf 91' lang='lat' dir='ltr'>et</span> <span class='ocrx_word' id='word_1_195' title='bbox 2184 1348 2358 1387; x_wconf 91' lang='lat' dir='ltr'>Acontii</span> <span class='ocrx_word' id='word_1_196' title='bbox 2399 1348 2693 1389; x_wconf 88' lang='lat' dir='ltr'>condicionem</span> 
     </span>
     <span class='ocr_line' id='line_1_20' title="bbox 320 1419 2695 1475; baseline 0.001 -16"><span class='ocrx_word' id='word_1_197' title='bbox 320 1419 449 1459; x_wconf 90' lang='lat' dir='ltr'>nimis</span> <span class='ocrx_word' id='word_1_198' title='bbox 480 1419 615 1473; x_wconf 89' lang='lat' dir='ltr'>premi</span> <span class='ocrx_word' id='word_1_199' title='bbox 648 1422 776 1474; x_wconf 88' lang='lat' dir='ltr'>atque</span> <span class='ocrx_word' id='word_1_200' title='bbox 809 1421 951 1475; x_wconf 87' lang='lat' dir='ltr'>urgeri</span> <span class='ocrx_word' id='word_1_201' title='bbox 985 1424 1025 1461; x_wconf 90' lang='lat' dir='ltr'>et</span> <span class='ocrx_word' id='word_1_202' title='bbox 1057 1421 1192 1475; x_wconf 88' lang='lat' dir='ltr'>ipsam</span> <span class='ocrx_word' id='word_1_203' title='bbox 1233 1419 1573 1461; x_wconf 84' lang='lat' dir='ltr'>emendationem</span> <span class='ocrx_word' id='word_1_204' title='bbox 1614 1420 1751 1474; x_wconf 84' lang='lat' dir='ltr'>magis</span> <span class='ocrx_word' id='word_1_205' title='bbox 1794 1433 1921 1474; x_wconf 90' lang='lat' dir='ltr'>quam</span> <span class='ocrx_word' id='word_1_206' title='bbox 1954 1419 2078 1460; x_wconf 87' lang='lat' dir='ltr'>liceat</span> <span class='ocrx_word' id='word_1_207' title='bbox 2110 1432 2134 1459; x_wconf 88' lang='lat' dir='ltr'>a</span> <span class='ocrx_word' id='word_1_208' title='bbox 2166 1419 2319 1460; x_wconf 86' lang='lat' dir='ltr'>tradita</span> <span class='ocrx_word' id='word_1_209' title='bbox 2350 1419 2559 1461; x_wconf 91' lang='lat' dir='ltr'>librorum</span> <span class='ocrx_word' id='word_1_210' title='bbox 2592 1422 2695 1462; x_wconf 85' lang='lat' dir='ltr'>scri-</span> 
     </span>
     <span class='ocr_line' id='line_1_21' title="bbox 320 1490 2694 1546; baseline 0.001 -15"><span class='ocrx_word' id='word_1_211' title='bbox 320 1493 446 1544; x_wconf 87' lang='lat' dir='ltr'>ptura</span> <span class='ocrx_word' id='word_1_212' title='bbox 478 1490 646 1532; x_wconf 86' lang='lat' dir='ltr'>differre</span> <span class='ocrx_word' id='word_1_213' title='bbox 678 1491 790 1532; x_wconf 88' lang='lat' dir='ltr'>dicit.</span> <span class='ocrx_word' id='word_1_214' title='bbox 853 1491 1006 1546; x_wconf 89' lang='lat' dir='ltr'>Neque</span> <span class='ocrx_word' id='word_1_215' title='bbox 1047 1492 1127 1532; x_wconf 91' lang='lat' dir='ltr'>hoc</span> <span class='ocrx_word' id='word_1_216' title='bbox 1166 1504 1308 1546; x_wconf 90' lang='lat' dir='ltr'>neque</span> <span class='ocrx_word' id='word_1_217' title='bbox 1349 1492 1457 1533; x_wconf 91' lang='lat' dir='ltr'>illud</span> <span class='ocrx_word' id='word_1_218' title='bbox 1498 1493 1603 1533; x_wconf 87' lang='lat' dir='ltr'>mihi</span> <span class='ocrx_word' id='word_1_219' title='bbox 1646 1491 1820 1546; x_wconf 92' lang='lat' dir='ltr'>quidem</span> <span class='ocrx_word' id='word_1_220' title='bbox 1862 1490 2111 1532; x_wconf 84' lang='lat' dir='ltr'>Ehwaldius</span> <span class='ocrx_word' id='word_1_221' title='bbox 2153 1493 2374 1546; x_wconf 87' lang='lat' dir='ltr'>persuasit.</span> <span class='ocrx_word' id='word_1_222' title='bbox 2438 1493 2509 1532; x_wconf 90' lang='lat' dir='ltr'>An</span> <span class='ocrx_word' id='word_1_223' title='bbox 2551 1494 2694 1534; x_wconf 92' lang='lat' dir='ltr'>minus</span> 
     </span>
     <span class='ocr_line' id='line_1_22' title="bbox 321 1561 2694 1619; baseline 0.002 -17"><span class='ocrx_word' id='word_1_224' title='bbox 321 1561 566 1616; x_wconf 90' lang='lat' dir='ltr'>putabimus</span> <span class='ocrx_word' id='word_1_225' title='bbox 600 1563 771 1604; x_wconf 88' lang='lat' dir='ltr'>Acontii</span> <span class='ocrx_word' id='word_1_226' title='bbox 804 1563 1098 1605; x_wconf 88' lang='lat' dir='ltr'>condicionem</span> <span class='ocrx_word' id='word_1_227' title='bbox 1130 1565 1280 1619; x_wconf 90' lang='lat' dir='ltr'>premi,</span> <span class='ocrx_word' id='word_1_228' title='bbox 1322 1565 1357 1605; x_wconf 92' lang='lat' dir='ltr'>si</span> <span class='ocrx_word' id='word_1_229' title='bbox 1390 1564 1497 1605; x_wconf 87' lang='lat' dir='ltr'>nihil</span> <span class='ocrx_word' id='word_1_230' title='bbox 1530 1565 1703 1605; x_wconf 90' lang='lat' dir='ltr'>omnino</span> <span class='ocrx_word' id='word_1_231' title='bbox 1745 1564 1955 1604; x_wconf 86' lang='lat' dir='ltr'>Acontius</span> <span class='ocrx_word' id='word_1_232' title='bbox 1994 1569 2115 1604; x_wconf 89' lang='lat' dir='ltr'>curat</span> <span class='ocrx_word' id='word_1_233' title='bbox 2148 1563 2436 1605; x_wconf 78' lang='lat' dir='ltr'>valetudinem</span> <span class='ocrx_word' id='word_1_234' title='bbox 2469 1563 2694 1619; x_wconf 75' lang='lat' dir='ltr'>Cydippes,</span> 
     </span>
     <span class='ocr_line' id='line_1_23' title="bbox 322 1634 2695 1692; baseline 0.001 -16"><span class='ocrx_word' id='word_1_235' title='bbox 322 1647 426 1676; x_wconf 82' lang='lat' dir='ltr'>suae</span> <span class='ocrx_word' id='word_1_236' title='bbox 457 1634 549 1690; x_wconf 91' lang='lat' dir='ltr'>ipse</span> <span class='ocrx_word' id='word_1_237' title='bbox 581 1635 708 1677; x_wconf 88' lang='lat' dir='ltr'>saluti</span> <span class='ocrx_word' id='word_1_238' title='bbox 740 1636 890 1678; x_wconf 89' lang='lat' dir='ltr'>timide</span> <span class='ocrx_word' id='word_1_239' title='bbox 920 1636 1157 1692; x_wconf 81' lang='lat' dir='ltr'>prospicit?</span> <span class='ocrx_word' id='word_1_240' title='bbox 1197 1635 1274 1678; x_wconf 89' lang='lat' dir='ltr'>Est</span> <span class='ocrx_word' id='word_1_241' title='bbox 1305 1638 1419 1678; x_wconf 88' lang='lat' dir='ltr'>enim</span> <span class='ocrx_word' id='word_1_242' title='bbox 1452 1637 1554 1678; x_wconf 89' lang='lat' dir='ltr'>haec</span> <span class='ocrx_word' id='word_1_243' title='bbox 1581 1637 1790 1678; x_wconf 90' lang='lat' dir='ltr'>sententia</span> <span class='ocrx_word' id='word_1_244' title='bbox 1824 1649 1971 1678; x_wconf 89' lang='lat' dir='ltr'>eorum</span> <span class='ocrx_word' id='word_1_245' title='bbox 2005 1648 2115 1690; x_wconf 89' lang='lat' dir='ltr'>quae</span> <span class='ocrx_word' id='word_1_246' title='bbox 2147 1635 2300 1677; x_wconf 85' lang='lat' dir='ltr'>tradita</span> <span class='ocrx_word' id='word_1_247' title='bbox 2326 1640 2428 1677; x_wconf 91' lang='lat' dir='ltr'>sunt</span> <span class='ocrx_word' id='word_1_248' title='bbox 2454 1636 2695 1678; x_wconf 85' lang='lat' dir='ltr'>verborum.</span> 
     </span>
     <span class='ocr_line' id='line_1_24' title="bbox 322 1705 2696 1763; baseline 0.001 -16"><span class='ocrx_word' id='word_1_249' title='bbox 322 1705 479 1748; x_wconf 87' lang='lat' dir='ltr'>Contra</span> <span class='ocrx_word' id='word_1_250' title='bbox 522 1719 599 1762; x_wconf 88' lang='lat' dir='ltr'>ego</span> <span class='ocrx_word' id='word_1_251' title='bbox 645 1708 958 1763; x_wconf 87' lang='lat' dir='ltr'>elegantissime</span> <span class='ocrx_word' id='word_1_252' title='bbox 1007 1709 1239 1750; x_wconf 89' lang='lat' dir='ltr'>Acontium</span> <span class='ocrx_word' id='word_1_253' title='bbox 1282 1712 1386 1763; x_wconf 91' lang='lat' dir='ltr'>puto</span> <span class='ocrx_word' id='word_1_254' title='bbox 1432 1708 1640 1750; x_wconf 88' lang='lat' dir='ltr'>affirmare</span> <span class='ocrx_word' id='word_1_255' title='bbox 1684 1713 1814 1749; x_wconf 87' lang='lat' dir='ltr'>totam</span> <span class='ocrx_word' id='word_1_256' title='bbox 1866 1719 1997 1749; x_wconf 85' lang='lat' dir='ltr'>suam·</span> <span class='ocrx_word' id='word_1_257' title='bbox 2040 1708 2222 1749; x_wconf 89' lang='lat' dir='ltr'>salutem</span> <span class='ocrx_word' id='word_1_258' title='bbox 2274 1721 2321 1748; x_wconf 89' lang='lat' dir='ltr'>ac</span> <span class='ocrx_word' id='word_1_259' title='bbox 2374 1709 2597 1750; x_wconf 80' lang='lat' dir='ltr'>sanitatem</span> <span class='ocrx_word' id='word_1_260' title='bbox 2650 1711 2696 1750; x_wconf 92' lang='lat' dir='ltr'>in</span> 
     </span>
     <span class='ocr_line' id='line_1_25' title="bbox 323 1777 2696 1833; baseline 0.001 -15"><span class='ocrx_word' id='word_1_261' title='bbox 323 1777 514 1832; x_wconf 87' lang='lat' dir='ltr'>Cydippe</span> <span class='ocrx_word' id='word_1_262' title='bbox 554 1779 735 1833; x_wconf 90' lang='lat' dir='ltr'>eiusque</span> <span class='ocrx_word' id='word_1_263' title='bbox 775 1780 913 1821; x_wconf 89' lang='lat' dir='ltr'>salute</span> <span class='ocrx_word' id='word_1_264' title='bbox 954 1780 1173 1821; x_wconf 88' lang='lat' dir='ltr'>contineri.</span> <span class='ocrx_word' id='word_1_265' title='bbox 1245 1781 1310 1821; x_wconf 89' lang='lat' dir='ltr'>Ac</span> <span class='ocrx_word' id='word_1_266' title='bbox 1350 1792 1405 1821; x_wconf 89' lang='lat' dir='ltr'>ne</span> <span class='ocrx_word' id='word_1_267' title='bbox 1443 1780 1639 1821; x_wconf 86' lang='lat' dir='ltr'>metricas</span> <span class='ocrx_word' id='word_1_268' title='bbox 1682 1779 1857 1833; x_wconf 90' lang='lat' dir='ltr'>quidem</span> <span class='ocrx_word' id='word_1_269' title='bbox 1890 1778 2082 1831; x_wconf 83' lang='lat' dir='ltr'>Diltheyi</span> <span class='ocrx_word' id='word_1_270' title='bbox 2124 1778 2412 1820; x_wconf 87' lang='lat' dir='ltr'>dubitationes</span> <span class='ocrx_word' id='word_1_271' title='bbox 2448 1779 2696 1821; x_wconf 79' lang='lat' dir='ltr'>Ehwaldius</span> 
     </span>
     <span class='ocr_line' id='line_1_26' title="bbox 322 1849 2695 1906; baseline 0.002 -18"><span class='ocrx_word' id='word_1_272' title='bbox 322 1861 421 1889; x_wconf 90' lang='lat' dir='ltr'>vere</span> <span class='ocrx_word' id='word_1_273' title='bbox 446 1849 658 1891; x_wconf 87' lang='lat' dir='ltr'>refutavit.</span> <span class='ocrx_word' id='word_1_274' title='bbox 703 1850 783 1891; x_wconf 91' lang='lat' dir='ltr'>Illa</span> <span class='ocrx_word' id='word_1_275' title='bbox 809 1852 923 1892; x_wconf 90' lang='lat' dir='ltr'>enim</span> <span class='ocrx_word' id='word_1_276' title='bbox 948 1852 1108 1892; x_wconf 86' lang='lat' dir='ltr'>vocalis</span> <span class='ocrx_word' id='word_1_277' title='bbox 1133 1852 1287 1906; x_wconf 85' lang='lat' dir='ltr'>longae</span> <span class='ocrx_word' id='word_1_278' title='bbox 1313 1852 1359 1891; x_wconf 88' lang='lat' dir='ltr'>in</span> <span class='ocrx_word' id='word_1_279' title='bbox 1385 1852 1515 1892; x_wconf 87' lang='lat' dir='ltr'>altera</span> <span class='ocrx_word' id='word_1_280' title='bbox 1540 1855 1657 1906; x_wconf 86' lang='lat' dir='ltr'>parte</span> <span class='ocrx_word' id='word_1_281' title='bbox 1682 1852 1937 1905; x_wconf 87' lang='lat' dir='ltr'>pentametri</span> <span class='ocrx_word' id='word_1_282' title='bbox 1964 1851 2083 1891; x_wconf 91' lang='lat' dir='ltr'>elisio</span> <span class='ocrx_word' id='word_1_283' title='bbox 2109 1854 2217 1891; x_wconf 79' lang='lat' dir='ltr'>certe</span> <span class='ocrx_word' id='word_1_284' title='bbox 2243 1865 2327 1904; x_wconf 75' lang='grc'>090,</span> <span class='ocrx_word' id='word_1_285' title='bbox 2363 1852 2487 1892; x_wconf 90' lang='lat' dir='ltr'>cuius</span> <span class='ocrx_word' id='word_1_286' title='bbox 2514 1852 2695 1893; x_wconf 83' lang='lat' dir='ltr'>alterum</span> 
     </span>
     <span class='ocr_line' id='line_1_27' title="bbox 322 1922 2696 1976; baseline 0.001 -16"><span class='ocrx_word' id='word_1_287' title='bbox 322 1922 567 1974; x_wconf 87' lang='lat' dir='ltr'>exemplum</span> <span class='ocrx_word' id='word_1_288' title='bbox 599 1935 740 1975; x_wconf 91' lang='lat' dir='ltr'>neque</span> <span class='ocrx_word' id='word_1_289' title='bbox 771 1925 816 1962; x_wconf 90' lang='lat' dir='ltr'>in</span> <span class='ocrx_word' id='word_1_290' title='bbox 843 1922 986 1963; x_wconf 87' lang='lat' dir='ltr'>Ovidii</span> <span class='ocrx_word' id='word_1_291' title='bbox 1019 1923 1279 1963; x_wconf 89' lang='lat' dir='ltr'>carminibus</span> <span class='ocrx_word' id='word_1_292' title='bbox 1310 1936 1451 1976; x_wconf 88' lang='lat' dir='ltr'>neque</span> <span class='ocrx_word' id='word_1_293' title='bbox 1483 1925 1527 1962; x_wconf 91' lang='lat' dir='ltr'>in</span> <span class='ocrx_word' id='word_1_294' title='bbox 1554 1923 1911 1963; x_wconf 87' lang='lat' dir='ltr'>Pseudovidianis</span> <span class='ocrx_word' id='word_1_295' title='bbox 1944 1924 2138 1976; x_wconf 87' lang='lat' dir='ltr'>epistulis</span> <span class='ocrx_word' id='word_1_296' title='bbox 2170 1924 2356 1963; x_wconf 83' lang='lat' dir='ltr'>inveniri</span> <span class='ocrx_word' id='word_1_297' title='bbox 2388 1924 2460 1963; x_wconf 91' lang='lat' dir='ltr'>ille</span> <span class='ocrx_word' id='word_1_298' title='bbox 2492 1937 2571 1964; x_wconf 91' lang='lat' dir='ltr'>suo</span> <span class='ocrx_word' id='word_1_299' title='bbox 2604 1925 2696 1963; x_wconf 85' lang='lat' dir='ltr'>iure</span> 
     </span>
     <span class='ocr_line' id='line_1_28' title="bbox 321 1990 2696 2049; baseline 0.002 -19"><span class='ocrx_word' id='word_1_300' title='bbox 321 1990 566 2044; x_wconf 84' lang='lat' dir='ltr'>affirmavit,</span> <span class='ocrx_word' id='word_1_301' title='bbox 604 2006 692 2033; x_wconf 91' lang='lat' dir='ltr'>non</span> <span class='ocrx_word' id='word_1_302' title='bbox 723 1998 862 2047; x_wconf 91' lang='lat' dir='ltr'>potest</span> <span class='ocrx_word' id='word_1_303' title='bbox 895 1995 1066 2035; x_wconf 89' lang='lat' dir='ltr'>defendi</span> <span class='ocrx_word' id='word_1_304' title='bbox 1098 2008 1227 2034; x_wconf 87' lang='lat' dir='ltr'>versu</span> <span class='ocrx_word' id='word_1_305' title='bbox 1260 1994 1358 2046; x_wconf 89' lang='lat' dir='ltr'>XV,</span> <span class='ocrx_word' id='word_1_306' title='bbox 1392 1996 1448 2035; x_wconf 88' lang='lat'>96</span> <span class='ocrx_word' id='word_1_307' title='bbox 1481 2008 1646 2033; x_wconf 67' lang='lat' dir='ltr'>rmerum</span> <span class='ocrx_word' id='word_1_308' title='bbox 1680 1998 1732 2033; x_wconf 75' lang='lat' dir='ltr'>ut</span> <span class='ocrx_word' id='word_1_309' title='bbox 1761 2008 1909 2033; x_wconf 80' lang='lat' dir='ltr'>amare</span> <span class='ocrx_word' id='word_1_310' title='bbox 1940 1994 2066 2032; x_wconf 72' lang='lat' dir='ltr'>sinas</span> <span class='ocrx_word' id='word_1_311' title='bbox 2099 1999 2173 2033; x_wconf 90' lang='lat' dir='ltr'>aut</span> <span class='ocrx_word' id='word_1_312' title='bbox 2205 2007 2333 2033; x_wconf 80' lang='lat' dir='ltr'>versu</span> <span class='ocrx_word' id='word_1_313' title='bbox 2366 1997 2468 2049; x_wconf 90' lang='lat' dir='ltr'>epic.</span> <span class='ocrx_word' id='word_1_314' title='bbox 2503 1994 2574 2034; x_wconf 92' lang='lat' dir='ltr'>Dr.</span> <span class='ocrx_word' id='word_1_315' title='bbox 2612 1997 2696 2035; x_wconf 91' lang='grc'>158</span> 
     </span>
     <span class='ocr_line' id='line_1_29' title="bbox 322 2061 2697 2121; baseline 0.002 -19"><span class='ocrx_word' id='word_1_316' title='bbox 322 2061 436 2103; x_wconf 79' lang='lat' dir='ltr'>hane</span> <span class='ocrx_word' id='word_1_317' title='bbox 465 2063 682 2105; x_wconf 77' lang='lat' dir='ltr'>animam</span> <span class='ocrx_word' id='word_1_318' title='bbox 713 2063 785 2106; x_wconf 60' lang='lat' dir='ltr'>ore</span> <span class='ocrx_word' id='word_1_319' title='bbox 817 2066 911 2120; x_wconf 79' lang='lat' dir='ltr'>pio.</span> <span class='ocrx_word' id='word_1_320' title='bbox 977 2067 1095 2108; x_wconf 83' lang='lat' dir='ltr'>Ferri</span> <span class='ocrx_word' id='word_1_321' title='bbox 1126 2081 1213 2107; x_wconf 89' lang='lat' dir='ltr'>non</span> <span class='ocrx_word' id='word_1_322' title='bbox 1244 2080 1369 2121; x_wconf 91' lang='lat' dir='ltr'>posse</span> <span class='ocrx_word' id='word_1_323' title='bbox 1411 2068 1754 2107; x_wconf 81' lang='lat' dir='ltr'>coniunctionem</span> <span class='ocrx_word' id='word_1_324' title='bbox 1787 2070 1826 2106; x_wconf 83' lang='lat' dir='ltr'>et</span> <span class='ocrx_word' id='word_1_325' title='bbox 1857 2072 1954 2107; x_wconf 85' lang='lat' dir='ltr'>ante</span> <span class='ocrx_word' id='word_1_326' title='bbox 1996 2070 2041 2105; x_wconf 73' lang='lat' dir='ltr'>tn</span> <span class='ocrx_word' id='word_1_327' title='bbox 2076 2066 2287 2106; x_wconf 62' lang='lat' dir='ltr'>continuo</span> <span class='ocrx_word' id='word_1_328' title='bbox 2320 2068 2502 2120; x_wconf 84' lang='lat' dir='ltr'>positam</span> <span class='ocrx_word' id='word_1_329' title='bbox 2543 2080 2697 2120; x_wconf 83' lang='lat' dir='ltr'>neque,</span> 
     </span>
     <span class='ocr_line' id='line_1_30' title="bbox 324 2134 2696 2192; baseline 0.002 -18"><span class='ocrx_word' id='word_1_330' title='bbox 324 2147 409 2187; x_wconf 92' lang='lat' dir='ltr'>quo</span> <span class='ocrx_word' id='word_1_331' title='bbox 441 2134 658 2189; x_wconf 88' lang='lat' dir='ltr'>referatur,</span> <span class='ocrx_word' id='word_1_332' title='bbox 690 2137 917 2179; x_wconf 82' lang='lat' dir='ltr'>habentem</span> <span class='ocrx_word' id='word_1_333' title='bbox 948 2138 1197 2180; x_wconf 84' lang='lat' dir='ltr'>Ehwaldius</span> <span class='ocrx_word' id='word_1_334' title='bbox 1230 2140 1441 2190; x_wconf 89' lang='lat' dir='ltr'>concedit,</span> <span class='ocrx_word' id='word_1_335' title='bbox 1474 2139 1548 2179; x_wconf 92' lang='lat' dir='ltr'>sed</span> <span class='ocrx_word' id='word_1_336' title='bbox 1582 2139 1746 2179; x_wconf 88' lang='lat' dir='ltr'>mavult</span> <span class='ocrx_word' id='word_1_337' title='bbox 1778 2140 1989 2191; x_wconf 87' lang='lat' dir='ltr'>corrigere</span> <span class='ocrx_word' id='word_1_338' title='bbox 2022 2153 2072 2178; x_wconf 73' lang='lat' dir='ltr'>en</span> <span class='ocrx_word' id='word_1_339' title='bbox 2109 2139 2157 2178; x_wconf 90' lang='lat' dir='ltr'>cl.</span> <span class='ocrx_word' id='word_1_340' title='bbox 2187 2138 2289 2190; x_wconf 89' lang='lat' dir='ltr'>VII,</span> <span class='ocrx_word' id='word_1_341' title='bbox 2327 2141 2411 2179; x_wconf 89' lang='lat'>114</span> <span class='ocrx_word' id='word_1_342' title='bbox 2444 2138 2507 2192; x_wconf 70' lang='grc' dir='ltr'>(Ρ).</span> <span class='ocrx_word' id='word_1_343' title='bbox 2573 2138 2696 2187; x_wconf 84' lang='lat' dir='ltr'>Quod</span> 
     </span>
     <span class='ocr_line' id='line_1_31' title="bbox 323 2206 2696 2264; baseline 0.002 -19"><span class='ocrx_word' id='word_1_344' title='bbox 323 2218 409 2246; x_wconf 89' lang='grc'>11011</span> <span class='ocrx_word' id='word_1_345' title='bbox 441 2206 565 2247; x_wconf 86' lang='grc' dir='ltr'>1110ἀο</span> <span class='ocrx_word' id='word_1_346' title='bbox 606 2206 821 2262; x_wconf 88' lang='lat' dir='ltr'>Cydippes</span> <span class='ocrx_word' id='word_1_347' title='bbox 853 2210 929 2250; x_wconf 90' lang='lat' dir='ltr'>sed</span> <span class='ocrx_word' id='word_1_348' title='bbox 962 2212 1089 2251; x_wconf 88' lang='lat' dir='ltr'>etiam</span> <span class='ocrx_word' id='word_1_349' title='bbox 1126 2212 1300 2251; x_wconf 87' lang='lat' dir='ltr'>Acontii</span> <span class='ocrx_word' id='word_1_350' title='bbox 1341 2211 1457 2251; x_wconf 87' lang='lat' dir='ltr'>salus</span> <span class='ocrx_word' id='word_1_351' title='bbox 1490 2224 1537 2251; x_wconf 84' lang='lat' dir='ltr'>ac</span> <span class='ocrx_word' id='word_1_352' title='bbox 1570 2210 1769 2251; x_wconf 85' lang='lat' dir='ltr'>valetudo</span> <span class='ocrx_word' id='word_1_353' title='bbox 1812 2211 2048 2264; x_wconf 82' lang='lat' dir='ltr'>respicitur,</span> <span class='ocrx_word' id='word_1_354' title='bbox 2089 2216 2202 2251; x_wconf 90' lang='lat' dir='ltr'>recte</span> <span class='ocrx_word' id='word_1_355' title='bbox 2234 2209 2352 2250; x_wconf 79' lang='lat' dir='ltr'>Ehw.</span> <span class='ocrx_word' id='word_1_356' title='bbox 2387 2216 2536 2251; x_wconf 87' lang='lat' dir='ltr'>contra</span> <span class='ocrx_word' id='word_1_357' title='bbox 2567 2209 2696 2250; x_wconf 93' lang='lat' dir='ltr'>Dilth.</span> 
     </span>
     <span class='ocr_line' id='line_1_32' title="bbox 323 2276 2700 2337; baseline 0.003 -19"><span class='ocrx_word' id='word_1_358' title='bbox 323 2276 367 2318; x_wconf 91' lang='lat' dir='ltr'>id</span> <span class='ocrx_word' id='word_1_359' title='bbox 400 2277 588 2320; x_wconf 83' lang='lat' dir='ltr'>defendit</span> <span class='ocrx_word' id='word_1_360' title='bbox 618 2279 668 2321; x_wconf 90' lang='lat' dir='ltr'>cl.</span> <span class='ocrx_word' id='word_1_361' title='bbox 695 2280 791 2322; x_wconf 88' lang='lat' dir='ltr'>Am.</span> <span class='ocrx_word' id='word_1_362' title='bbox 818 2281 874 2335; x_wconf 95' lang='lat' dir='ltr'>II,</span> <span class='ocrx_word' id='word_1_363' title='bbox 904 2284 970 2336; x_wconf 90' lang='lat'>13,</span> <span class='ocrx_word' id='word_1_364' title='bbox 1001 2285 1053 2325; x_wconf 87' lang='lat'>15</span> <span class='ocrx_word' id='word_1_365' title='bbox 1080 2297 1154 2337; x_wconf 88' lang='lat' dir='ltr'>sq.,</span> <span class='ocrx_word' id='word_1_366' title='bbox 1187 2286 1317 2337; x_wconf 85' lang='lat' dir='ltr'>atque</span> <span class='ocrx_word' id='word_1_367' title='bbox 1348 2283 1462 2324; x_wconf 90' lang='lat' dir='ltr'>idem</span> <span class='ocrx_word' id='word_1_368' title='bbox 1490 2296 1586 2324; x_wconf 81' lang='lat' dir='ltr'>vere</span> <span class='ocrx_word' id='word_1_369' title='bbox 1612 2282 1719 2324; x_wconf 87' lang='lat' dir='ltr'>vidit</span> <span class='ocrx_word' id='word_1_370' title='bbox 1746 2283 1923 2324; x_wconf 88' lang='lat' dir='ltr'>seclusis</span> <span class='ocrx_word' id='word_1_371' title='bbox 1950 2296 2048 2324; x_wconf 91' lang='lat' dir='ltr'>cum</span> <span class='ocrx_word' id='word_1_372' title='bbox 2074 2281 2206 2324; x_wconf 88' lang='lat' dir='ltr'>Dilth.</span> <span class='ocrx_word' id='word_1_373' title='bbox 2234 2283 2433 2324; x_wconf 79' lang='lat' dir='ltr'>versibus</span> <span class='ocrx_word' id='word_1_374' title='bbox 2462 2284 2700 2325; x_wconf 83' lang='lat'>177—180</span> 
     </span>
     <span class='ocr_line' id='line_1_33' title="bbox 324 2351 2697 2408; baseline 0.003 -18"><span class='ocrx_word' id='word_1_375' title='bbox 324 2362 409 2390; x_wconf 91' lang='lat' dir='ltr'>non</span> <span class='ocrx_word' id='word_1_376' title='bbox 450 2353 545 2405; x_wconf 86' lang='lat' dir='ltr'>apte</span> <span class='ocrx_word' id='word_1_377' title='bbox 585 2352 788 2406; x_wconf 87' lang='lat' dir='ltr'>coniungi</span> <span class='ocrx_word' id='word_1_378' title='bbox 828 2351 943 2394; x_wconf 73' lang='lat' dir='ltr'>Siste</span> <span class='ocrx_word' id='word_1_379' title='bbox 986 2358 1153 2396; x_wconf 80' lang='lat' dir='ltr'>metum</span> <span class='ocrx_word' id='word_1_380' title='bbox 1191 2370 1229 2396; x_wconf 88' lang='lat' dir='ltr'>v.</span> <span class='ocrx_word' id='word_1_381' title='bbox 1273 2356 1354 2397; x_wconf 92' lang='lat'>181</span> <span class='ocrx_word' id='word_1_382' title='bbox 1395 2360 1437 2396; x_wconf 91' lang='lat' dir='ltr'>et</span> <span class='ocrx_word' id='word_1_383' title='bbox 1477 2354 1610 2395; x_wconf 79' lang='lat' dir='ltr'>Hune</span> <span class='ocrx_word' id='word_1_384' title='bbox 1643 2358 1710 2406; x_wconf 77' lang='lat' dir='ltr'>tu,</span> <span class='ocrx_word' id='word_1_385' title='bbox 1755 2354 1797 2394; x_wconf 67' lang='lat' dir='ltr'>si</span> <span class='ocrx_word' id='word_1_386' title='bbox 1828 2354 1998 2408; x_wconf 72' lang='lat' dir='ltr'>sapias,</span> <span class='ocrx_word' id='word_1_387' title='bbox 2042 2354 2176 2395; x_wconf 75' lang='lat' dir='ltr'>limen</span> <span class='ocrx_word' id='word_1_388' title='bbox 2217 2355 2338 2395; x_wconf 74' lang='lat' dir='ltr'>adire</span> <span class='ocrx_word' id='word_1_389' title='bbox 2374 2358 2481 2395; x_wconf 72' lang='lat' dir='ltr'>retes</span> <span class='ocrx_word' id='word_1_390' title='bbox 2520 2369 2558 2394; x_wconf 90' lang='lat' dir='ltr'>v.</span> <span class='ocrx_word' id='word_1_391' title='bbox 2602 2357 2697 2396; x_wconf 85' lang='lat'>176.</span> 
     </span>
     <span class='ocr_line' id='line_1_34' title="bbox 325 2419 2233 2479; baseline 0.003 -17"><span class='ocrx_word' id='word_1_392' title='bbox 325 2419 544 2463; x_wconf 90' lang='lat' dir='ltr'>Postremo</span> <span class='ocrx_word' id='word_1_393' title='bbox 576 2423 667 2477; x_wconf 90' lang='lat' dir='ltr'>ipse</span> <span class='ocrx_word' id='word_1_394' title='bbox 698 2424 885 2466; x_wconf 85' lang='lat' dir='ltr'>maxime</span> <span class='ocrx_word' id='word_1_395' title='bbox 916 2425 1182 2479; x_wconf 85' lang='lat' dir='ltr'>probabilem</span> <span class='ocrx_word' id='word_1_396' title='bbox 1214 2439 1307 2468; x_wconf 91' lang='lat' dir='ltr'>esse</span> <span class='ocrx_word' id='word_1_397' title='bbox 1339 2427 1497 2467; x_wconf 88' lang='lat' dir='ltr'>codicis</span> <span class='ocrx_word' id='word_1_398' title='bbox 1529 2426 1759 2467; x_wconf 89' lang='lat' dir='ltr'>Bernensis</span> <span class='ocrx_word' id='word_1_399' title='bbox 1792 2426 2019 2467; x_wconf 89' lang='lat' dir='ltr'>lectionem</span> <span class='ocrx_word' id='word_1_400' title='bbox 2051 2426 2233 2467; x_wconf 88' lang='lat' dir='ltr'>iudicat:</span> 
     </span>
    </p>

    <p class='ocr_par' dir='ltr' id='par_1_8' title="bbox 904 2494 2211 2554">
     <span class='ocr_line' id='line_1_35' title="bbox 904 2494 2211 2554; baseline 0.001 -16"><span class='ocrx_word' id='word_1_401' title='bbox 904 2494 1042 2546; x_wconf 76' lang='lat' dir='ltr'>Quem</span> <span class='ocrx_word' id='word_1_402' title='bbox 1072 2497 1115 2538; x_wconf 82' lang='lat' dir='ltr'>si</span> <span class='ocrx_word' id='word_1_403' title='bbox 1144 2498 1391 2554; x_wconf 46' lang='lat' dir='ltr'>reppulere-§⁸</span> <span class='ocrx_word' id='word_1_404' title='bbox 1423 2511 1511 2550; x_wconf 74' lang='lat' dir='ltr'>nee,</span> <span class='ocrx_word' id='word_1_405' title='bbox 1545 2511 1673 2552; x_wconf 80' lang='lat' dir='ltr'>quem</span> <span class='ocrx_word' id='word_1_406' title='bbox 1704 2498 1783 2539; x_wconf 83' lang='lat' dir='ltr'>dea</span> <span class='ocrx_word' id='word_1_407' title='bbox 1814 2498 2010 2551; x_wconf 76' lang='lat' dir='ltr'>damnat,</span> <span class='ocrx_word' id='word_1_408' title='bbox 2043 2497 2211 2539; x_wconf 63' lang='lat' dir='ltr'>antaris</span> 
     </span>
    </p>

    <p class='ocr_par' dir='ltr' id='par_1_9' title="bbox 1026 2568 2067 2623">
     <span class='ocr_line' id='line_1_36' title="bbox 1026 2568 2067 2623; baseline 0.001 -14"><span class='ocrx_word' id='word_1_409' title='bbox 1026 2568 1114 2623; x_wconf 81' lang='lat' dir='ltr'>(Et</span> <span class='ocrx_word' id='word_1_410' title='bbox 1146 2572 1279 2611; x_wconf 79' lang='lat' dir='ltr'>tune</span> <span class='ocrx_word' id='word_1_411' title='bbox 1310 2570 1521 2611; x_wconf 76' lang='lat' dir='ltr'>continuo</span> <span class='ocrx_word' id='word_1_412' title='bbox 1553 2572 1661 2610; x_wconf 79' lang='lat' dir='ltr'>eerte</span> <span class='ocrx_word' id='word_1_413' title='bbox 1693 2583 1765 2623; x_wconf 78' lang='grc'>090</span> <span class='ocrx_word' id='word_1_414' title='bbox 1798 2570 1948 2611; x_wconf 68' lang='lat' dir='ltr'>salvus</span> <span class='ocrx_word' id='word_1_415' title='bbox 1981 2570 2067 2623; x_wconf 80' lang='lat' dir='ltr'>ero)</span> 
     </span>
    </p>

    <p class='ocr_par' dir='ltr' id='par_1_10' title="bbox 324 2638 2703 3345">
     <span class='ocr_line' id='line_1_37' title="bbox 901 2638 1974 2696; baseline 0.001 -16"><span class='ocrx_word' id='word_1_416' title='bbox 901 2638 1015 2681; x_wconf 74' lang='lat' dir='ltr'>Siste</span> <span class='ocrx_word' id='word_1_417' title='bbox 1046 2643 1230 2693; x_wconf 81' lang='lat' dir='ltr'>metum,</span> <span class='ocrx_word' id='word_1_418' title='bbox 1264 2641 1386 2695; x_wconf 37' lang='lat' dir='ltr'>vir-qo</span> <span class='ocrx_word' id='word_1_419' title='bbox 1400 2657 1414 2682; x_wconf 93' lang='grc'>.·</span> <span class='ocrx_word' id='word_1_420' title='bbox 1448 2641 1597 2682; x_wconf 73' lang='lat' dir='ltr'>stabili</span> <span class='ocrx_word' id='word_1_421' title='bbox 1621 2641 1791 2696; x_wconf 77' lang='lat' dir='ltr'>potiere</span> <span class='ocrx_word' id='word_1_422' title='bbox 1822 2642 1974 2682; x_wconf 70' lang='lat' dir='ltr'>salute.</span> 
     </span>
     <span class='ocr_line' id='line_1_38' title="bbox 324 2709 2699 2766; baseline 0.002 -15"><span class='ocrx_word' id='word_1_423' title='bbox 324 2709 471 2752; x_wconf 89' lang='lat' dir='ltr'>Minus</span> <span class='ocrx_word' id='word_1_424' title='bbox 496 2711 650 2753; x_wconf 86' lang='lat' dir='ltr'>ideona</span> <span class='ocrx_word' id='word_1_425' title='bbox 676 2712 780 2752; x_wconf 90' lang='lat' dir='ltr'>mihi</span> <span class='ocrx_word' id='word_1_426' title='bbox 806 2711 909 2753; x_wconf 88' lang='lat' dir='ltr'>haec</span> <span class='ocrx_word' id='word_1_427' title='bbox 935 2713 1090 2753; x_wconf 87' lang='lat' dir='ltr'>veteris</span> <span class='ocrx_word' id='word_1_428' title='bbox 1116 2712 1299 2754; x_wconf 88' lang='lat' dir='ltr'>alicuius</span> <span class='ocrx_word' id='word_1_429' title='bbox 1325 2713 1592 2766; x_wconf 84' lang='lat' dir='ltr'>grammatici</span> <span class='ocrx_word' id='word_1_430' title='bbox 1619 2714 1864 2754; x_wconf 89' lang='lat' dir='ltr'>coniectura</span> <span class='ocrx_word' id='word_1_431' title='bbox 1893 2712 2073 2765; x_wconf 79' lang='lat' dir='ltr'>videtur,</span> <span class='ocrx_word' id='word_1_432' title='bbox 2101 2714 2175 2766; x_wconf 89' lang='lat' dir='ltr'>qui</span> <span class='ocrx_word' id='word_1_433' title='bbox 2203 2713 2367 2754; x_wconf 80' lang='lat' dir='ltr'>viderat</span> <span class='ocrx_word' id='word_1_434' title='bbox 2393 2728 2524 2755; x_wconf 88' lang='lat' dir='ltr'>unam</span> <span class='ocrx_word' id='word_1_435' title='bbox 2552 2728 2699 2755; x_wconf 87' lang='lat' dir='ltr'>earum</span> 
     </span>
     <span class='ocr_line' id='line_1_39' title="bbox 327 2782 2701 2839; baseline 0.002 -17"><span class='ocrx_word' id='word_1_436' title='bbox 327 2793 437 2834; x_wconf 89' lang='lat' dir='ltr'>quae</span> <span class='ocrx_word' id='word_1_437' title='bbox 467 2782 513 2823; x_wconf 91' lang='lat' dir='ltr'>in</span> <span class='ocrx_word' id='word_1_438' title='bbox 546 2795 673 2825; x_wconf 91' lang='lat' dir='ltr'>versu</span> <span class='ocrx_word' id='word_1_439' title='bbox 709 2783 792 2826; x_wconf 91' lang='lat'>180</span> <span class='ocrx_word' id='word_1_440' title='bbox 825 2784 973 2825; x_wconf 90' lang='lat' dir='ltr'>insunt</span> <span class='ocrx_word' id='word_1_441' title='bbox 1012 2783 1294 2826; x_wconf 87' lang='lat' dir='ltr'>offensionum</span> <span class='ocrx_word' id='word_1_442' title='bbox 1333 2788 1373 2826; x_wconf 90' lang='lat' dir='ltr'>et</span> <span class='ocrx_word' id='word_1_443' title='bbox 1404 2785 1551 2826; x_wconf 90' lang='lat' dir='ltr'>tollere</span> <span class='ocrx_word' id='word_1_444' title='bbox 1584 2797 1677 2825; x_wconf 89' lang='lat' dir='ltr'>eam</span> <span class='ocrx_word' id='word_1_445' title='bbox 1719 2784 1927 2826; x_wconf 90' lang='lat' dir='ltr'>studebat.</span> <span class='ocrx_word' id='word_1_446' title='bbox 2003 2783 2209 2838; x_wconf 88' lang='lat' dir='ltr'>Displicet</span> <span class='ocrx_word' id='word_1_447' title='bbox 2241 2786 2368 2826; x_wconf 88' lang='lat' dir='ltr'>etiam</span> <span class='ocrx_word' id='word_1_448' title='bbox 2401 2785 2463 2838; x_wconf 91' lang='lat' dir='ltr'>id,</span> <span class='ocrx_word' id='word_1_449' title='bbox 2497 2786 2632 2839; x_wconf 73' lang='lat' dir='ltr'>quod,</span> <span class='ocrx_word' id='word_1_450' title='bbox 2665 2789 2701 2827; x_wconf 90' lang='lat' dir='ltr'>si</span> 
     </span>
     <span class='ocr_line' id='line_1_40' title="bbox 325 2850 2702 2910; baseline 0.002 -16"><span class='ocrx_word' id='word_1_451' title='bbox 325 2853 439 2894; x_wconf 83' lang='lat' dir='ltr'>recte</span> <span class='ocrx_word' id='word_1_452' title='bbox 469 2850 717 2897; x_wconf 84' lang='lat' dir='ltr'>Ehwaldius</span> <span class='ocrx_word' id='word_1_453' title='bbox 751 2854 855 2909; x_wconf 89' lang='lat' dir='ltr'>quid</span> <span class='ocrx_word' id='word_1_454' title='bbox 887 2854 990 2897; x_wconf 86' lang='lat' dir='ltr'>velit</span> <span class='ocrx_word' id='word_1_455' title='bbox 1021 2854 1238 2909; x_wconf 84' lang='lat' dir='ltr'>intellego,</span> <span class='ocrx_word' id='word_1_456' title='bbox 1279 2854 1487 2910; x_wconf 88' lang='lat' dir='ltr'>apodosin</span> <span class='ocrx_word' id='word_1_457' title='bbox 1520 2868 1630 2909; x_wconf 88' lang='lat' dir='ltr'>quae</span> <span class='ocrx_word' id='word_1_458' title='bbox 1673 2855 1829 2898; x_wconf 87' lang='lat' dir='ltr'>dicitur</span> <span class='ocrx_word' id='word_1_459' title='bbox 1862 2854 2004 2898; x_wconf 87' lang='lat' dir='ltr'>verbis</span> <span class='ocrx_word' id='word_1_460' title='bbox 2043 2854 2193 2897; x_wconf 64' lang='lat' dir='ltr'>stabili</span> <span class='ocrx_word' id='word_1_461' title='bbox 2228 2855 2394 2910; x_wconf 70' lang='lat' dir='ltr'>potiere</span> <span class='ocrx_word' id='word_1_462' title='bbox 2436 2856 2577 2898; x_wconf 73' lang='lat' dir='ltr'>salute</span> <span class='ocrx_word' id='word_1_463' title='bbox 2610 2857 2702 2899; x_wconf 84' lang='lat' dir='ltr'>vult</span> 
     </span>
     <span class='ocr_line' id='line_1_41' title="bbox 326 2922 2701 2982; baseline 0.003 -18"><span class='ocrx_word' id='word_1_464' title='bbox 326 2922 553 2977; x_wconf 83' lang='lat' dir='ltr'>contineri,</span> <span class='ocrx_word' id='word_1_465' title='bbox 586 2937 686 2979; x_wconf 88' lang='lat' dir='ltr'>ergo</span> <span class='ocrx_word' id='word_1_466' title='bbox 711 2939 800 2969; x_wconf 89' lang='lat' dir='ltr'>non</span> <span class='ocrx_word' id='word_1_467' title='bbox 826 2926 952 2969; x_wconf 93' lang='lat' dir='ltr'>modo</span> <span class='ocrx_word' id='word_1_468' title='bbox 979 2940 1151 2970; x_wconf 86' lang='lat' dir='ltr'>versum</span> <span class='ocrx_word' id='word_1_469' title='bbox 1180 2926 1276 2980; x_wconf 92' lang='lat'>180,</span> <span class='ocrx_word' id='word_1_470' title='bbox 1310 2939 1437 2981; x_wconf 91' lang='lat' dir='ltr'>quem</span> <span class='ocrx_word' id='word_1_471' title='bbox 1463 2926 1535 2970; x_wconf 90' lang='lat' dir='ltr'>ille</span> <span class='ocrx_word' id='word_1_472' title='bbox 1561 2926 1607 2969; x_wconf 89' lang='lat' dir='ltr'>in</span> <span class='ocrx_word' id='word_1_473' title='bbox 1632 2926 1877 2982; x_wconf 87' lang='lat' dir='ltr'>parenthesi</span> <span class='ocrx_word' id='word_1_474' title='bbox 1903 2928 2063 2982; x_wconf 85' lang='lat' dir='ltr'>posuit,</span> <span class='ocrx_word' id='word_1_475' title='bbox 2096 2940 2247 2969; x_wconf 88' lang='lat' dir='ltr'>verum</span> <span class='ocrx_word' id='word_1_476' title='bbox 2273 2928 2400 2970; x_wconf 91' lang='lat' dir='ltr'>etiam</span> <span class='ocrx_word' id='word_1_477' title='bbox 2427 2927 2558 2971; x_wconf 81' lang='lat' dir='ltr'>verba</span> <span class='ocrx_word' id='word_1_478' title='bbox 2586 2927 2701 2970; x_wconf 65' lang='lat' dir='ltr'>Siste</span> 
     </span>
     <span class='ocr_line' id='line_1_42' title="bbox 326 2995 2701 3055; baseline 0.003 -20"><span class='ocrx_word' id='word_1_479' title='bbox 326 2997 491 3037; x_wconf 82' lang='lat' dir='ltr'>metum</span> <span class='ocrx_word' id='word_1_480' title='bbox 522 2995 568 3037; x_wconf 90' lang='lat' dir='ltr'>in</span> <span class='ocrx_word' id='word_1_481' title='bbox 598 2997 841 3051; x_wconf 84' lang='lat' dir='ltr'>parenthesi</span> <span class='ocrx_word' id='word_1_482' title='bbox 872 3012 964 3041; x_wconf 88' lang='lat' dir='ltr'>esse</span> <span class='ocrx_word' id='word_1_483' title='bbox 997 2999 1108 3041; x_wconf 89' lang='lat' dir='ltr'>dicta</span> <span class='ocrx_word' id='word_1_484' title='bbox 1140 2999 1412 3054; x_wconf 86' lang='lat' dir='ltr'>cogitandum</span> <span class='ocrx_word' id='word_1_485' title='bbox 1446 3004 1518 3041; x_wconf 91' lang='lat' dir='ltr'>est.</span> <span class='ocrx_word' id='word_1_486' title='bbox 1569 2998 1722 3054; x_wconf 86' lang='lat' dir='ltr'>Itaque</span> <span class='ocrx_word' id='word_1_487' title='bbox 1749 3001 1994 3042; x_wconf 89' lang='lat' dir='ltr'>etiamnunc</span> <span class='ocrx_word' id='word_1_488' title='bbox 2020 3001 2308 3042; x_wconf 87' lang='lat' dir='ltr'>coniecturam</span> <span class='ocrx_word' id='word_1_489' title='bbox 2335 3015 2466 3055; x_wconf 88' lang='lat' dir='ltr'>quam</span> <span class='ocrx_word' id='word_1_490' title='bbox 2493 3005 2590 3043; x_wconf 88' lang='lat' dir='ltr'>ante</span> <span class='ocrx_word' id='word_1_491' title='bbox 2617 3005 2701 3043; x_wconf 89' lang='lat' dir='ltr'>tres</span> 
     </span>
     <span class='ocr_line' id='line_1_43' title="bbox 327 3069 2701 3127; baseline 0.003 -18"><span class='ocrx_word' id='word_1_492' title='bbox 327 3080 460 3111; x_wconf 88' lang='lat' dir='ltr'>annos</span> <span class='ocrx_word' id='word_1_493' title='bbox 491 3069 694 3124; x_wconf 89' lang='lat' dir='ltr'>proposui</span> <span class='ocrx_word' id='word_1_494' title='bbox 725 3070 899 3114; x_wconf 87' lang='lat' dir='ltr'>retineo.</span> <span class='ocrx_word' id='word_1_495' title='bbox 973 3071 1110 3122; x_wconf 87' lang='lat' dir='ltr'>Quem</span> <span class='ocrx_word' id='word_1_496' title='bbox 1141 3072 1214 3114; x_wconf 93' lang='lat' dir='ltr'>illo</span> <span class='ocrx_word' id='word_1_497' title='bbox 1255 3076 1444 3127; x_wconf 90' lang='lat' dir='ltr'>tempore</span> <span class='ocrx_word' id='word_1_498' title='bbox 1477 3071 1529 3114; x_wconf 91' lang='lat' dir='ltr'>ad</span> <span class='ocrx_word' id='word_1_499' title='bbox 1571 3072 1868 3127; x_wconf 86' lang='lat' dir='ltr'>explicandam</span> <span class='ocrx_word' id='word_1_500' title='bbox 1911 3072 2085 3127; x_wconf 90' lang='lat' dir='ltr'>phrasin</span> <span class='ocrx_word' id='word_1_501' title='bbox 2119 3075 2181 3114; x_wconf 70' lang='lat' dir='ltr'>ter</span> <span class='ocrx_word' id='word_1_502' title='bbox 2211 3072 2362 3115; x_wconf 63' lang='lat' dir='ltr'>salmas</span> <span class='ocrx_word' id='word_1_503' title='bbox 2395 3073 2518 3115; x_wconf 89' lang='lat' dir='ltr'>attuli</span> <span class='ocrx_word' id='word_1_504' title='bbox 2559 3073 2701 3115; x_wconf 90' lang='lat' dir='ltr'>locum</span> 
     </span>
     <span class='ocr_line' id='line_1_44' title="bbox 325 3138 2703 3200; baseline 0.002 -17"><span class='ocrx_word' id='word_1_505' title='bbox 325 3138 494 3184; x_wconf 86' lang='lat' dir='ltr'>Metam.</span> <span class='ocrx_word' id='word_1_506' title='bbox 524 3139 641 3196; x_wconf 85' lang='lat' dir='ltr'>VIII,</span> <span class='ocrx_word' id='word_1_507' title='bbox 675 3142 728 3187; x_wconf 89' lang='grc'>51</span> <span class='ocrx_word' id='word_1_508' title='bbox 770 3140 806 3185; x_wconf 89' lang='grc' dir='ltr'><em>Ο</em></span> <span class='ocrx_word' id='word_1_509' title='bbox 836 3155 908 3198; x_wconf 77' lang='lat' dir='ltr'>eqo</span> <span class='ocrx_word' id='word_1_510' title='bbox 943 3146 1006 3187; x_wconf 77' lang='lat' dir='ltr'>ter</span> <span class='ocrx_word' id='word_1_511' title='bbox 1035 3143 1155 3200; x_wconf 70' lang='lat' dir='ltr'>felix,</span> <span class='ocrx_word' id='word_1_512' title='bbox 1199 3144 1299 3188; x_wconf 90' lang='lat' dir='ltr'>huic</span> <span class='ocrx_word' id='word_1_513' title='bbox 1330 3144 1466 3188; x_wconf 87' lang='lat' dir='ltr'>adicio</span> <span class='ocrx_word' id='word_1_514' title='bbox 1498 3143 1619 3188; x_wconf 87' lang='lat' dir='ltr'>Trist.</span> <span class='ocrx_word' id='word_1_515' title='bbox 1653 3143 1732 3198; x_wconf 83' lang='lat' dir='ltr'>III,</span> <span class='ocrx_word' id='word_1_516' title='bbox 1769 3146 1834 3198; x_wconf 82' lang='lat'>1‘2,</span> <span class='ocrx_word' id='word_1_517' title='bbox 1868 3145 1924 3188; x_wconf 84' lang='grc'>25</span> <span class='ocrx_word' id='word_1_518' title='bbox 1964 3144 2000 3187; x_wconf 87' lang='grc' dir='ltr'><strong><em>Ο</em></strong></span> <span class='ocrx_word' id='word_1_519' title='bbox 2025 3147 2190 3199; x_wconf 77' lang='lat' dir='ltr'>quater,</span> <span class='ocrx_word' id='word_1_520' title='bbox 2225 3158 2248 3188; x_wconf 92' lang='lat'><strong><em>0</em></strong></span> <span class='ocrx_word' id='word_1_521' title='bbox 2281 3144 2483 3200; x_wconf 74' lang='lat' dir='ltr'>quotiens</span> <span class='ocrx_word' id='word_1_522' title='bbox 2516 3158 2606 3188; x_wconf 73' lang='lat' dir='ltr'>non</span> <span class='ocrx_word' id='word_1_523' title='bbox 2640 3147 2703 3188; x_wconf 72' lang='lat' dir='ltr'>est</span> 
     </span>
     <span class='ocr_line' id='line_1_45' title="bbox 324 3211 2702 3272; baseline 0.003 -19"><span class='ocrx_word' id='word_1_524' title='bbox 324 3223 571 3266; x_wconf 74' lang='lat' dir='ltr'>numerare,</span> <span class='ocrx_word' id='word_1_525' title='bbox 606 3211 791 3267; x_wconf 79' lang='lat' dir='ltr'>beatum,</span> <span class='ocrx_word' id='word_1_526' title='bbox 826 3211 929 3257; x_wconf 81' lang='lat' dir='ltr'>Non</span> <span class='ocrx_word' id='word_1_527' title='bbox 961 3214 1195 3260; x_wconf 73' lang='lat' dir='ltr'>interdieta</span> <span class='ocrx_word' id='word_1_528' title='bbox 1226 3215 1301 3260; x_wconf 74' lang='lat' dir='ltr'>eui</span> <span class='ocrx_word' id='word_1_529' title='bbox 1332 3214 1429 3259; x_wconf 79' lang='lat' dir='ltr'>lieet</span> <span class='ocrx_word' id='word_1_530' title='bbox 1461 3214 1569 3259; x_wconf 78' lang='lat' dir='ltr'>Urbe</span> <span class='ocrx_word' id='word_1_531' title='bbox 1600 3214 1728 3270; x_wconf 72' lang='lat' dir='ltr'>frui!</span> <span class='ocrx_word' id='word_1_532' title='bbox 1764 3215 1835 3272; x_wconf 85' lang='lat' dir='ltr'>[ex</span> <span class='ocrx_word' id='word_1_533' title='bbox 1867 3215 1999 3260; x_wconf 86' lang='lat' dir='ltr'>Ponto</span> <span class='ocrx_word' id='word_1_534' title='bbox 2027 3215 2082 3270; x_wconf 92' lang='lat' dir='ltr'>II,</span> <span class='ocrx_word' id='word_1_535' title='bbox 2113 3218 2149 3270; x_wconf 94' lang='lat'>1,</span> <span class='ocrx_word' id='word_1_536' title='bbox 2176 3217 2232 3261; x_wconf 89' lang='lat'>68</span> <span class='ocrx_word' id='word_1_537' title='bbox 2272 3214 2391 3267; x_wconf 77' lang='lat' dir='ltr'>Quae</span> <span class='ocrx_word' id='word_1_538' title='bbox 2416 3215 2457 3259; x_wconf 74' lang='lat' dir='ltr'>si</span> <span class='ocrx_word' id='word_1_539' title='bbox 2484 3231 2550 3259; x_wconf 82' lang='lat' dir='ltr'>me</span> <span class='ocrx_word' id='word_1_540' title='bbox 2582 3215 2702 3259; x_wconf 76' lang='lat' dir='ltr'>sale-0</span> 
     </span>
     <span class='ocr_line' id='line_1_46' title="bbox 325 3282 1967 3345; baseline 0.002 -17"><span class='ocrx_word' id='word_1_541' title='bbox 325 3282 504 3328; x_wconf 76' lang='lat' dir='ltr'>dabitur</span> <span class='ocrx_word' id='word_1_542' title='bbox 537 3287 614 3329; x_wconf 79' lang='lat' dir='ltr'>tua</span> <span class='ocrx_word' id='word_1_543' title='bbox 646 3285 796 3330; x_wconf 78' lang='lat' dir='ltr'>laurea</span> <span class='ocrx_word' id='word_1_544' title='bbox 829 3287 1016 3343; x_wconf 76' lang='lat' dir='ltr'>templis,</span> <span class='ocrx_word' id='word_1_545' title='bbox 1060 3287 1223 3332; x_wconf 75' lang='lat' dir='ltr'>Omina</span> <span class='ocrx_word' id='word_1_546' title='bbox 1256 3288 1321 3331; x_wconf 70' lang='lat' dir='ltr'>bis</span> <span class='ocrx_word' id='word_1_547' title='bbox 1352 3288 1466 3332; x_wconf 70' lang='lat' dir='ltr'>dices</span> <span class='ocrx_word' id='word_1_548' title='bbox 1502 3303 1599 3332; x_wconf 63' lang='lat' dir='ltr'>vera</span> <span class='ocrx_word' id='word_1_549' title='bbox 1629 3288 1771 3344; x_wconf 71' lang='lat' dir='ltr'>fuisse</span> <span class='ocrx_word' id='word_1_550' title='bbox 1806 3303 1910 3332; x_wconf 79' lang='lat' dir='ltr'>mea.</span> <span class='ocrx_word' id='word_1_551' title='bbox 1931 3288 1967 3345; x_wconf 69' lang='lat' dir='ltr'>P]</span> 
     </span>
    </p>
   </div>
   <div class='ocr_carea' id='block_1_4' title="bbox 2463 3372 2485 3408">
    <p class='ocr_par' dir='ltr' id='par_1_11' title="bbox 2463 3372 2485 3408">
     <span class='ocr_line' id='line_1_47' title="bbox 2463 3372 2485 3408; baseline 0 0"><span class='ocrx_word' id='word_1_552' title='bbox 2463 3372 2485 3408; x_wconf 89' lang='lat'><strong>3</strong></span> 
     </span>
    </p>
   </div>
  </div>
 </body>
</html>
