<?xml version="1.0" encoding="UTF-8"?>
<!DOCTYPE html PUBLIC "-//W3C//DTD XHTML 1.0 Transitional//EN"
    "http://www.w3.org/TR/xhtml1/DTD/xhtml1-transitional.dtd">
<html xmlns="http://www.w3.org/1999/xhtml" xml:lang="en" lang="en">
 <head>
  <title>
</title>
<meta http-equiv="Content-Type" content="text/html;charset=utf-8" />
  <meta name='ocr-system' content='tesseract 3.04.00' />
  <meta name='ocr-capabilities' content='ocr_page ocr_carea ocr_par ocr_line ocrx_word'/>
</head>
<body>
  <div class='ocr_page' id='page_1' title='image "./4777081_0037.png"; bbox 0 0 3030 3723; ppageno 0'>
   <div class='ocr_carea' id='block_1_1' title="bbox 2651 116 2708 157">
    <p class='ocr_par' dir='ltr' id='par_1_1' title="bbox 2651 116 2708 157">
     <span class='ocr_line' id='line_1_1' title="bbox 2651 116 2708 157; baseline 0 0"><span class='ocrx_word' id='word_1_1' title='bbox 2651 116 2708 157; x_wconf 85' lang='lat'>27</span> 
     </span>
    </p>
   </div>
   <div class='ocr_carea' id='block_1_2' title="bbox 338 232 2712 2018">
    <p class='ocr_par' dir='ltr' id='par_1_2' title="bbox 338 232 2712 2018">
     <span class='ocr_line' id='line_1_2' title="bbox 339 232 2708 289; baseline -0.001 -11"><span class='ocrx_word' id='word_1_2' title='bbox 339 235 583 278; x_wconf 85' lang='lat' dir='ltr'>Pronomen</span> <span class='ocrx_word' id='word_1_3' title='bbox 614 233 708 275; x_wconf 80' lang='lat' dir='ltr'>ulla</span> <span class='ocrx_word' id='word_1_4' title='bbox 738 234 781 274; x_wconf 89' lang='lat' dir='ltr'>in</span> <span class='ocrx_word' id='word_1_5' title='bbox 810 246 939 275; x_wconf 89' lang='lat' dir='ltr'>versu</span> <span class='ocrx_word' id='word_1_6' title='bbox 967 234 1023 275; x_wconf 88' lang='lat'>66</span> <span class='ocrx_word' id='word_1_7' title='bbox 1049 234 1234 288; x_wconf 86' lang='lat' dir='ltr'>positum</span> <span class='ocrx_word' id='word_1_8' title='bbox 1266 237 1379 276; x_wconf 90' lang='lat' dir='ltr'>recte</span> <span class='ocrx_word' id='word_1_9' title='bbox 1404 247 1450 275; x_wconf 90' lang='lat' dir='ltr'>se</span> <span class='ocrx_word' id='word_1_10' title='bbox 1481 234 1637 276; x_wconf 87' lang='lat' dir='ltr'>habere</span> <span class='ocrx_word' id='word_1_11' title='bbox 1669 233 1923 288; x_wconf 84' lang='lat' dir='ltr'>persuadere</span> <span class='ocrx_word' id='word_1_12' title='bbox 1949 234 2052 274; x_wconf 89' lang='lat' dir='ltr'>mihi</span> <span class='ocrx_word' id='word_1_13' title='bbox 2084 247 2168 275; x_wconf 91' lang='lat' dir='ltr'>non</span> <span class='ocrx_word' id='word_1_14' title='bbox 2201 247 2388 289; x_wconf 91' lang='lat' dir='ltr'>possum.</span> <span class='ocrx_word' id='word_1_15' title='bbox 2441 232 2708 289; x_wconf 83' lang='lat' dir='ltr'>Quamquam</span> 
     </span>
     <span class='ocr_line' id='line_1_3' title="bbox 338 305 2709 361; baseline -0 -12"><span class='ocrx_word' id='word_1_16' title='bbox 338 320 429 349; x_wconf 90' lang='lat' dir='ltr'>non</span> <span class='ocrx_word' id='word_1_17' title='bbox 461 307 617 348; x_wconf 82' lang='lat' dir='ltr'>desunt</span> <span class='ocrx_word' id='word_1_18' title='bbox 646 306 748 360; x_wconf 85' lang='lat' dir='ltr'>loci,</span> <span class='ocrx_word' id='word_1_19' title='bbox 781 306 856 361; x_wconf 92' lang='lat' dir='ltr'>qui</span> <span class='ocrx_word' id='word_1_20' title='bbox 889 306 1067 348; x_wconf 79' lang='lat' dir='ltr'>doceant</span> <span class='ocrx_word' id='word_1_21' title='bbox 1093 305 1296 348; x_wconf 87' lang='lat' dir='ltr'>Ovidium</span> <span class='ocrx_word' id='word_1_22' title='bbox 1322 307 1402 348; x_wconf 88' lang='lat' dir='ltr'>hoc</span> <span class='ocrx_word' id='word_1_23' title='bbox 1432 318 1667 361; x_wconf 81' lang='lat' dir='ltr'>pronomen</span> <span class='ocrx_word' id='word_1_24' title='bbox 1699 306 1826 348; x_wconf 86' lang='lat' dir='ltr'>etiam</span> <span class='ocrx_word' id='word_1_25' title='bbox 1859 306 1903 346; x_wconf 92' lang='lat' dir='ltr'>in</span> <span class='ocrx_word' id='word_1_26' title='bbox 1931 307 2151 347; x_wconf 82' lang='lat' dir='ltr'>sententiis</span> <span class='ocrx_word' id='word_1_27' title='bbox 2178 306 2443 348; x_wconf 86' lang='lat' dir='ltr'>affirmativis</span> <span class='ocrx_word' id='word_1_28' title='bbox 2469 318 2709 361; x_wconf 82' lang='lat' dir='ltr'>usurpasse.</span> 
     </span>
     <span class='ocr_line' id='line_1_4' title="bbox 339 376 2708 433; baseline 0 -14"><span class='ocrx_word' id='word_1_29' title='bbox 339 377 410 420; x_wconf 83' lang='lat' dir='ltr'>Ex</span> <span class='ocrx_word' id='word_1_30' title='bbox 442 377 580 420; x_wconf 90' lang='lat' dir='ltr'>Ponto</span> <span class='ocrx_word' id='word_1_31' title='bbox 612 376 687 431; x_wconf 88' lang='lat' dir='ltr'>IV,</span> <span class='ocrx_word' id='word_1_32' title='bbox 721 378 760 432; x_wconf 88' lang='lat'>8,</span> <span class='ocrx_word' id='word_1_33' title='bbox 794 378 849 420; x_wconf 86' lang='lat'>85</span> <span class='ocrx_word' id='word_1_34' title='bbox 883 381 924 420; x_wconf 90' lang='lat' dir='ltr'>et</span> <span class='ocrx_word' id='word_1_35' title='bbox 954 377 1029 432; x_wconf 90' lang='lat' dir='ltr'>IV,</span> <span class='ocrx_word' id='word_1_36' title='bbox 1065 380 1137 432; x_wconf 82' lang='grc'>15,</span> <span class='ocrx_word' id='word_1_37' title='bbox 1170 380 1226 422; x_wconf 90' lang='lat'>39</span> <span class='ocrx_word' id='word_1_38' title='bbox 1258 378 1348 420; x_wconf 78' lang='lat' dir='ltr'>ullo</span> <span class='ocrx_word' id='word_1_39' title='bbox 1380 390 1525 420; x_wconf 84' lang='lat' dir='ltr'>verani</span> <span class='ocrx_word' id='word_1_40' title='bbox 1556 378 1781 421; x_wconf 83' lang='lat' dir='ltr'>lectionem</span> <span class='ocrx_word' id='word_1_41' title='bbox 1815 390 1907 419; x_wconf 89' lang='lat' dir='ltr'>esse</span> <span class='ocrx_word' id='word_1_42' title='bbox 1939 390 2076 431; x_wconf 87' lang='lat' dir='ltr'>nuper</span> <span class='ocrx_word' id='word_1_43' title='bbox 2106 376 2356 420; x_wconf 84' lang='lat' dir='ltr'>Ehwaldius</span> <span class='ocrx_word' id='word_1_44' title='bbox 2388 377 2562 433; x_wconf 86' lang='lat' dir='ltr'>negavit</span> <span class='ocrx_word' id='word_1_45' title='bbox 2594 377 2708 432; x_wconf 87' lang='lat' dir='ltr'>(ann.</span> 
     </span>
     <span class='ocr_line' id='line_1_5' title="bbox 339 447 2707 506; baseline -0 -15"><span class='ocrx_word' id='word_1_46' title='bbox 339 448 466 492; x_wconf 89' lang='lat' dir='ltr'>Burs.</span> <span class='ocrx_word' id='word_1_47' title='bbox 493 452 591 491; x_wconf 91' lang='lat' dir='ltr'>tom.</span> <span class='ocrx_word' id='word_1_48' title='bbox 617 448 868 492; x_wconf 89' lang='lat' dir='ltr'>XXXXIII</span> <span class='ocrx_word' id='word_1_49' title='bbox 899 463 937 506; x_wconf 94' lang='lat' dir='ltr'>p.</span> <span class='ocrx_word' id='word_1_50' title='bbox 966 448 1083 506; x_wconf 85' lang='lat'>263),</span> <span class='ocrx_word' id='word_1_51' title='bbox 1115 450 1195 493; x_wconf 92' lang='lat' dir='ltr'>etsi</span> <span class='ocrx_word' id='word_1_52' title='bbox 1225 449 1357 492; x_wconf 86' lang='lat' dir='ltr'>altero</span> <span class='ocrx_word' id='word_1_53' title='bbox 1390 449 1483 491; x_wconf 92' lang='grc'>1000</span> <span class='ocrx_word' id='word_1_54' title='bbox 1515 448 1748 492; x_wconf 87' lang='lat' dir='ltr'>Merkelius</span> <span class='ocrx_word' id='word_1_55' title='bbox 1782 448 1844 491; x_wconf 91' lang='lat' dir='ltr'>ed.</span> <span class='ocrx_word' id='word_1_56' title='bbox 1872 448 1926 491; x_wconf 90' lang='lat' dir='ltr'>II.</span> <span class='ocrx_word' id='word_1_57' title='bbox 1960 447 2013 490; x_wconf 82' lang='lat' dir='ltr'>ad</span> <span class='ocrx_word' id='word_1_58' title='bbox 2045 448 2155 490; x_wconf 87' lang='lat' dir='ltr'>hanc</span> <span class='ocrx_word' id='word_1_59' title='bbox 2186 448 2411 491; x_wconf 85' lang='lat' dir='ltr'>lectionem</span> <span class='ocrx_word' id='word_1_60' title='bbox 2442 448 2579 492; x_wconf 84' lang='lat' dir='ltr'>rediit.</span> <span class='ocrx_word' id='word_1_61' title='bbox 2606 447 2707 491; x_wconf 89' lang='lat' dir='ltr'>Her.</span> 
     </span>
     <span class='ocr_line' id='line_1_6' title="bbox 340 518 2710 574; baseline 0 -13"><span class='ocrx_word' id='word_1_62' title='bbox 340 518 450 574; x_wconf 88' lang='lat' dir='ltr'>XX,</span> <span class='ocrx_word' id='word_1_63' title='bbox 484 521 509 562; x_wconf 89' lang='lat'>6</span> <span class='ocrx_word' id='word_1_64' title='bbox 543 520 691 562; x_wconf 89' lang='lat' dir='ltr'>dubito</span> <span class='ocrx_word' id='word_1_65' title='bbox 723 535 777 563; x_wconf 87' lang='lat' dir='ltr'>an</span> <span class='ocrx_word' id='word_1_66' title='bbox 809 534 908 564; x_wconf 89' lang='lat' dir='ltr'>vere</span> <span class='ocrx_word' id='word_1_67' title='bbox 940 521 1103 563; x_wconf 88' lang='lat' dir='ltr'>Birtius</span> <span class='ocrx_word' id='word_1_68' title='bbox 1135 521 1361 563; x_wconf 88' lang='lat' dir='ltr'>coniecerit</span> <span class='ocrx_word' id='word_1_69' title='bbox 1408 519 1496 569; x_wconf 65' lang='lat' dir='ltr'>Qua·</span> <span class='ocrx_word' id='word_1_70' title='bbox 1528 534 1649 562; x_wconf 80' lang='lat' dir='ltr'>meus</span> <span class='ocrx_word' id='word_1_71' title='bbox 1681 523 1744 561; x_wconf 77' lang='lat' dir='ltr'>est</span> <span class='ocrx_word' id='word_1_72' title='bbox 1784 520 1956 561; x_wconf 77' lang='lat' dir='ltr'>nulla</span> <span class='ocrx_word' id='word_1_73' title='bbox 1990 522 2118 574; x_wconf 77' lang='lat' dir='ltr'>parte</span> <span class='ocrx_word' id='word_1_74' title='bbox 2149 519 2313 560; x_wconf 77' lang='lat' dir='ltr'>dolente</span> <span class='ocrx_word' id='word_1_75' title='bbox 2343 520 2474 572; x_wconf 80' lang='lat' dir='ltr'>dolor,</span> <span class='ocrx_word' id='word_1_76' title='bbox 2519 533 2604 561; x_wconf 91' lang='lat' dir='ltr'>non</span> <span class='ocrx_word' id='word_1_77' title='bbox 2638 520 2710 561; x_wconf 90' lang='lat' dir='ltr'>ille</span> 
     </span>
     <span class='ocr_line' id='line_1_7' title="bbox 342 591 2710 649; baseline 0 -15"><span class='ocrx_word' id='word_1_78' title='bbox 342 591 516 646; x_wconf 90' lang='lat' dir='ltr'>quidem</span> <span class='ocrx_word' id='word_1_79' title='bbox 553 593 599 634; x_wconf 91' lang='lat' dir='ltr'>in</span> <span class='ocrx_word' id='word_1_80' title='bbox 638 592 773 636; x_wconf 86' lang='lat' dir='ltr'>forma</span> <span class='ocrx_word' id='word_1_81' title='bbox 808 594 1072 649; x_wconf 74' lang='lat' dir='ltr'>pronominis</span> <span class='ocrx_word' id='word_1_82' title='bbox 1114 592 1324 636; x_wconf 87' lang='lat' dir='ltr'>indefiniti</span> <span class='ocrx_word' id='word_1_83' title='bbox 1365 592 1591 636; x_wconf 88' lang='lat' dir='ltr'>offendens.</span> <span class='ocrx_word' id='word_1_84' title='bbox 1668 593 1759 634; x_wconf 87' lang='lat' dir='ltr'>Art.</span> <span class='ocrx_word' id='word_1_85' title='bbox 1793 606 1872 634; x_wconf 88' lang='lat' dir='ltr'>am.</span> <span class='ocrx_word' id='word_1_86' title='bbox 1906 592 1990 646; x_wconf 92' lang='grc' dir='ltr'>ΙΙΙ,</span> <span class='ocrx_word' id='word_1_87' title='bbox 2023 592 2111 634; x_wconf 88' lang='grc'>380</span> <span class='ocrx_word' id='word_1_88' title='bbox 2150 591 2353 646; x_wconf 74' lang='lat' dir='ltr'>Iuppiter</span> <span class='ocrx_word' id='word_1_89' title='bbox 2391 606 2418 634; x_wconf 82' lang='grc' dir='ltr'><em>α</em></span> <span class='ocrx_word' id='word_1_90' title='bbox 2460 592 2577 634; x_wconf 73' lang='lat' dir='ltr'>robis</span> <span class='ocrx_word' id='word_1_91' title='bbox 2619 595 2710 634; x_wconf 81' lang='lat' dir='ltr'>tam</span> 
     </span>
     <span class='ocr_line' id='line_1_8' title="bbox 342 662 2709 721; baseline -0 -15"><span class='ocrx_word' id='word_1_92' title='bbox 342 662 495 719; x_wconf 77' lang='lat' dir='ltr'>turpia</span> <span class='ocrx_word' id='word_1_93' title='bbox 525 663 717 708; x_wconf 68' lang='lat' dir='ltr'>crimina</span> <span class='ocrx_word' id='word_1_94' title='bbox 742 665 895 721; x_wconf 77' lang='lat' dir='ltr'>pellat,</span> <span class='ocrx_word' id='word_1_95' title='bbox 931 664 989 707; x_wconf 76' lang='lat' dir='ltr'>In</span> <span class='ocrx_word' id='word_1_96' title='bbox 1021 663 1182 720; x_wconf 66' lang='lat' dir='ltr'>quibu-s</span> <span class='ocrx_word' id='word_1_97' title='bbox 1214 667 1278 706; x_wconf 76' lang='lat' dir='ltr'>est</span> <span class='ocrx_word' id='word_1_98' title='bbox 1307 663 1392 706; x_wconf 74' lang='lat' dir='ltr'>ulli</span> <span class='ocrx_word' id='word_1_99' title='bbox 1421 677 1528 707; x_wconf 76' lang='lat' dir='ltr'>cura</span> <span class='ocrx_word' id='word_1_100' title='bbox 1553 664 1724 720; x_wconf 73' lang='lat' dir='ltr'>placere</span> <span class='ocrx_word' id='word_1_101' title='bbox 1756 663 1849 706; x_wconf 60' lang='lat' dir='ltr'>Tiro</span> <span class='ocrx_word' id='word_1_102' title='bbox 1882 677 1969 706; x_wconf 92' lang='lat' dir='ltr'>non</span> <span class='ocrx_word' id='word_1_103' title='bbox 2001 667 2168 720; x_wconf 85' lang='lat' dir='ltr'>praeter</span> <span class='ocrx_word' id='word_1_104' title='bbox 2194 663 2546 706; x_wconf 81' lang='lat' dir='ltr'>consuetudinem</span> <span class='ocrx_word' id='word_1_105' title='bbox 2579 664 2709 718; x_wconf 88' lang='lat' dir='ltr'>scrip-</span> 
     </span>
     <span class='ocr_line' id='line_1_9' title="bbox 341 735 2709 794; baseline -0 -14"><span class='ocrx_word' id='word_1_106' title='bbox 341 739 480 780; x_wconf 90' lang='lat' dir='ltr'>torum</span> <span class='ocrx_word' id='word_1_107' title='bbox 522 736 750 782; x_wconf 87' lang='lat' dir='ltr'>latinorum</span> <span class='ocrx_word' id='word_1_108' title='bbox 794 737 956 782; x_wconf 87' lang='lat' dir='ltr'>dictum</span> <span class='ocrx_word' id='word_1_109' title='bbox 997 736 1179 792; x_wconf 88' lang='lat' dir='ltr'>videtur,</span> <span class='ocrx_word' id='word_1_110' title='bbox 1220 736 1432 793; x_wconf 87' lang='lat' dir='ltr'>siquidem</span> <span class='ocrx_word' id='word_1_111' title='bbox 1477 736 1554 782; x_wconf 88' lang='lat' dir='ltr'>hoc</span> <span class='ocrx_word' id='word_1_112' title='bbox 1600 737 1779 782; x_wconf 89' lang='lat' dir='ltr'>dicitur:</span> <span class='ocrx_word' id='word_1_113' title='bbox 1826 736 2018 794; x_wconf 87' lang='lat' dir='ltr'>Iuppiter</span> <span class='ocrx_word' id='word_1_114' title='bbox 2055 751 2079 781; x_wconf 89' lang='grc'>3</span> <span class='ocrx_word' id='word_1_115' title='bbox 2112 735 2232 781; x_wconf 86' lang='lat' dir='ltr'>vobis</span> <span class='ocrx_word' id='word_1_116' title='bbox 2272 763 2326 769; x_wconf 92' lang='lat'>—</span> <span class='ocrx_word' id='word_1_117' title='bbox 2367 736 2513 793; x_wconf 87' lang='lat' dir='ltr'>pellat,</span> <span class='ocrx_word' id='word_1_118' title='bbox 2555 736 2589 780; x_wconf 85' lang='lat' dir='ltr'>si</span> <span class='ocrx_word' id='word_1_119' title='bbox 2632 735 2709 779; x_wconf 91' lang='lat' dir='ltr'>ulli</span> 
     </span>
     <span class='ocr_line' id='line_1_10' title="bbox 341 808 2708 866; baseline -0.001 -14"><span class='ocrx_word' id='word_1_120' title='bbox 341 809 507 865; x_wconf 83' lang='lat' dir='ltr'>placere</span> <span class='ocrx_word' id='word_1_121' title='bbox 538 811 688 865; x_wconf 83' lang='lat' dir='ltr'>vultis,</span> <span class='ocrx_word' id='word_1_122' title='bbox 720 811 745 853; x_wconf 90' lang='lat' dir='ltr'>i.</span> <span class='ocrx_word' id='word_1_123' title='bbox 780 824 813 854; x_wconf 91' lang='lat' dir='ltr'>e.</span> <span class='ocrx_word' id='word_1_124' title='bbox 849 811 939 853; x_wconf 92' lang='lat' dir='ltr'>Aut</span> <span class='ocrx_word' id='word_1_125' title='bbox 969 810 1099 866; x_wconf 87' lang='lat' dir='ltr'>pellat</span> <span class='ocrx_word' id='word_1_126' title='bbox 1130 809 1321 866; x_wconf 89' lang='lat' dir='ltr'>Iuppiter</span> <span class='ocrx_word' id='word_1_127' title='bbox 1353 835 1406 841; x_wconf 93' lang='lat'>—</span> <span class='ocrx_word' id='word_1_128' title='bbox 1442 825 1466 853; x_wconf 89' lang='lat' dir='ltr'>a</span> <span class='ocrx_word' id='word_1_129' title='bbox 1496 811 1618 854; x_wconf 80' lang='lat' dir='ltr'>vobis</span> <span class='ocrx_word' id='word_1_130' title='bbox 1650 814 1725 853; x_wconf 85' lang='lat' dir='ltr'>aut</span> <span class='ocrx_word' id='word_1_131' title='bbox 1755 810 1921 866; x_wconf 87' lang='lat' dir='ltr'>placere</span> <span class='ocrx_word' id='word_1_132' title='bbox 1952 810 2061 853; x_wconf 89' lang='lat' dir='ltr'>nulli</span> <span class='ocrx_word' id='word_1_133' title='bbox 2092 811 2183 853; x_wconf 83' lang='lat' dir='ltr'>viro</span> <span class='ocrx_word' id='word_1_134' title='bbox 2215 810 2413 866; x_wconf 69' lang='lat' dir='ltr'>potestis,</span> <span class='ocrx_word' id='word_1_135' title='bbox 2449 810 2509 851; x_wconf 88' lang='lat' dir='ltr'>sic</span> <span class='ocrx_word' id='word_1_136' title='bbox 2541 808 2708 851; x_wconf 88' lang='lat' dir='ltr'>Metam.</span> 
     </span>
     <span class='ocr_line' id='line_1_11' title="bbox 341 881 2711 937; baseline -0 -15"><span class='ocrx_word' id='word_1_137' title='bbox 341 881 416 936; x_wconf 89' lang='lat' dir='ltr'>VI,</span> <span class='ocrx_word' id='word_1_138' title='bbox 443 884 529 925; x_wconf 78' lang='lat'>548</span> <span class='ocrx_word' id='word_1_139' title='bbox 557 882 726 924; x_wconf 68' lang='lat' dir='ltr'>Audiat</span> <span class='ocrx_word' id='word_1_140' title='bbox 756 883 857 925; x_wconf 80' lang='lat' dir='ltr'>haec</span> <span class='ocrx_word' id='word_1_141' title='bbox 887 882 1044 935; x_wconf 76' lang='lat' dir='ltr'>aether,</span> <span class='ocrx_word' id='word_1_142' title='bbox 1078 885 1118 923; x_wconf 77' lang='lat' dir='ltr'>et</span> <span class='ocrx_word' id='word_1_143' title='bbox 1147 881 1189 923; x_wconf 72' lang='lat' dir='ltr'>si</span> <span class='ocrx_word' id='word_1_144' title='bbox 1219 882 1323 924; x_wconf 79' lang='lat' dir='ltr'>deus</span> <span class='ocrx_word' id='word_1_145' title='bbox 1349 883 1468 924; x_wconf 73' lang='lat' dir='ltr'>ullus</span> <span class='ocrx_word' id='word_1_146' title='bbox 1501 883 1546 924; x_wconf 73' lang='lat' dir='ltr'>in</span> <span class='ocrx_word' id='word_1_147' title='bbox 1575 883 1650 925; x_wconf 67' lang='lat' dir='ltr'>illo</span> <span class='ocrx_word' id='word_1_148' title='bbox 1683 886 1747 924; x_wconf 77' lang='lat' dir='ltr'>est</span> <span class='ocrx_word' id='word_1_149' title='bbox 1778 887 1818 924; x_wconf 84' lang='lat' dir='ltr'>et</span> <span class='ocrx_word' id='word_1_150' title='bbox 1844 883 1938 925; x_wconf 87' lang='lat' dir='ltr'>aliis</span> <span class='ocrx_word' id='word_1_151' title='bbox 1963 883 2067 924; x_wconf 87' lang='lat' dir='ltr'>locis</span> <span class='ocrx_word' id='word_1_152' title='bbox 2092 883 2325 937; x_wconf 87' lang='lat' dir='ltr'>permultis.</span> <span class='ocrx_word' id='word_1_153' title='bbox 2373 881 2518 923; x_wconf 88' lang='lat' dir='ltr'>Unum</span> <span class='ocrx_word' id='word_1_154' title='bbox 2545 886 2711 936; x_wconf 88' lang='lat' dir='ltr'>praeter</span> 
     </span>
     <span class='ocr_line' id='line_1_12' title="bbox 342 952 2712 1010; baseline -0.001 -13"><span class='ocrx_word' id='word_1_155' title='bbox 342 954 417 997; x_wconf 87' lang='lat' dir='ltr'>hos</span> <span class='ocrx_word' id='word_1_156' title='bbox 450 954 576 997; x_wconf 87' lang='lat' dir='ltr'>affero</span> <span class='ocrx_word' id='word_1_157' title='bbox 609 956 751 997; x_wconf 89' lang='lat' dir='ltr'>locum</span> <span class='ocrx_word' id='word_1_158' title='bbox 783 954 883 997; x_wconf 86' lang='lat' dir='ltr'>Her.</span> <span class='ocrx_word' id='word_1_159' title='bbox 910 953 972 1008; x_wconf 89' lang='lat' dir='ltr'>X,</span> <span class='ocrx_word' id='word_1_160' title='bbox 1008 955 1061 997; x_wconf 85' lang='lat'>79</span> <span class='ocrx_word' id='word_1_161' title='bbox 1088 968 1149 1010; x_wconf 88' lang='lat' dir='ltr'>sq.</span> <span class='ocrx_word' id='word_1_162' title='bbox 1190 954 1323 997; x_wconf 74' lang='lat' dir='ltr'>Nune</span> <span class='ocrx_word' id='word_1_163' title='bbox 1360 969 1432 1010; x_wconf 70' lang='lat' dir='ltr'>eqo</span> <span class='ocrx_word' id='word_1_164' title='bbox 1474 969 1563 997; x_wconf 76' lang='lat' dir='ltr'>non</span> <span class='ocrx_word' id='word_1_165' title='bbox 1609 958 1804 1007; x_wconf 73' lang='lat' dir='ltr'>tantum,</span> <span class='ocrx_word' id='word_1_166' title='bbox 1848 969 1957 1009; x_wconf 73' lang='lat' dir='ltr'>quae</span> <span class='ocrx_word' id='word_1_167' title='bbox 1988 969 2087 996; x_wconf 76' lang='lat' dir='ltr'>sum</span> <span class='ocrx_word' id='word_1_168' title='bbox 2116 969 2329 1010; x_wconf 71' lang='lat' dir='ltr'>passura,</span> <span class='ocrx_word' id='word_1_169' title='bbox 2374 953 2582 1006; x_wconf 74' lang='lat' dir='ltr'>rec-ordor,</span> <span class='ocrx_word' id='word_1_170' title='bbox 2630 952 2712 994; x_wconf 74' lang='lat' dir='ltr'>Sed</span> 
     </span>
     <span class='ocr_line' id='line_1_13' title="bbox 342 1025 2709 1082; baseline -0 -15"><span class='ocrx_word' id='word_1_171' title='bbox 342 1040 637 1082; x_wconf 56' lang='lat' dir='ltr'>quaecamque</span> <span class='ocrx_word' id='word_1_172' title='bbox 656 1030 802 1082; x_wconf 76' lang='lat' dir='ltr'>potest</span> <span class='ocrx_word' id='word_1_173' title='bbox 825 1027 918 1068; x_wconf 77' lang='lat' dir='ltr'>ulla</span> <span class='ocrx_word' id='word_1_174' title='bbox 948 1026 1095 1068; x_wconf 71' lang='lat' dir='ltr'>relicta</span> <span class='ocrx_word' id='word_1_175' title='bbox 1116 1027 1242 1082; x_wconf 70' lang='lat' dir='ltr'>pati:</span> <span class='ocrx_word' id='word_1_176' title='bbox 1278 1041 1362 1082; x_wconf 90' lang='lat' dir='ltr'>quo</span> <span class='ocrx_word' id='word_1_177' title='bbox 1397 1028 1448 1069; x_wconf 89' lang='lat' dir='ltr'>de</span> <span class='ocrx_word' id='word_1_178' title='bbox 1481 1041 1607 1069; x_wconf 75' lang='lat' dir='ltr'>versu</span> <span class='ocrx_word' id='word_1_179' title='bbox 1640 1041 1727 1068; x_wconf 90' lang='lat' dir='ltr'>non</span> <span class='ocrx_word' id='word_1_180' title='bbox 1755 1029 1855 1068; x_wconf 82' lang='lat' dir='ltr'>satis</span> <span class='ocrx_word' id='word_1_181' title='bbox 1883 1028 1986 1068; x_wconf 89' lang='lat' dir='ltr'>mihi</span> <span class='ocrx_word' id='word_1_182' title='bbox 2014 1032 2177 1068; x_wconf 88' lang='lat' dir='ltr'>constat</span> <span class='ocrx_word' id='word_1_183' title='bbox 2210 1029 2339 1081; x_wconf 78' lang='lat' dir='ltr'>(nna</span> <span class='ocrx_word' id='word_1_184' title='bbox 2366 1026 2511 1067; x_wconf 75' lang='lat' dir='ltr'>relicta</span> <span class='ocrx_word' id='word_1_185' title='bbox 2522 1027 2582 1079; x_wconf 57' lang='grc' dir='ltr'>Ρ).</span> <span class='ocrx_word' id='word_1_186' title='bbox 2628 1025 2709 1067; x_wconf 81' lang='lat' dir='ltr'>Sed</span> 
     </span>
     <span class='ocr_line' id='line_1_14' title="bbox 342 1098 2710 1153; baseline -0.001 -15"><span class='ocrx_word' id='word_1_187' title='bbox 342 1098 507 1138; x_wconf 80' lang='lat' dir='ltr'>etiamsi</span> <span class='ocrx_word' id='word_1_188' title='bbox 538 1098 860 1138; x_wconf 88' lang='lat' dir='ltr'>concedendum</span> <span class='ocrx_word' id='word_1_189' title='bbox 892 1102 955 1139; x_wconf 92' lang='lat' dir='ltr'>est</span> <span class='ocrx_word' id='word_1_190' title='bbox 985 1111 1217 1153; x_wconf 88' lang='lat' dir='ltr'>pronomen</span> <span class='ocrx_word' id='word_1_191' title='bbox 1255 1099 1375 1138; x_wconf 73' lang='lat' dir='ltr'>ullus</span> <span class='ocrx_word' id='word_1_192' title='bbox 1415 1099 1632 1139; x_wconf 90' lang='lat' dir='ltr'>interdum</span> <span class='ocrx_word' id='word_1_193' title='bbox 1671 1099 1718 1138; x_wconf 89' lang='lat' dir='ltr'>in</span> <span class='ocrx_word' id='word_1_194' title='bbox 1759 1098 2023 1138; x_wconf 85' lang='lat' dir='ltr'>affirmativis</span> <span class='ocrx_word' id='word_1_195' title='bbox 2065 1099 2285 1139; x_wconf 85' lang='lat' dir='ltr'>sententiis</span> <span class='ocrx_word' id='word_1_196' title='bbox 2324 1099 2530 1149; x_wconf 88' lang='lat' dir='ltr'>inveniri,</span> <span class='ocrx_word' id='word_1_197' title='bbox 2568 1102 2710 1137; x_wconf 88' lang='lat' dir='ltr'>tamen</span> 
     </span>
     <span class='ocr_line' id='line_1_15' title="bbox 342 1170 2710 1225; baseline -0 -15"><span class='ocrx_word' id='word_1_198' title='bbox 342 1170 416 1210; x_wconf 91' lang='lat' dir='ltr'>illo</span> <span class='ocrx_word' id='word_1_199' title='bbox 447 1170 540 1210; x_wconf 87' lang='grc'>1000</span> <span class='ocrx_word' id='word_1_200' title='bbox 574 1170 626 1210; x_wconf 83' lang='grc'>(10</span> <span class='ocrx_word' id='word_1_201' title='bbox 659 1183 743 1223; x_wconf 92' lang='lat' dir='ltr'>quo</span> <span class='ocrx_word' id='word_1_202' title='bbox 784 1170 952 1225; x_wconf 82' lang='lat' dir='ltr'>disputo</span> <span class='ocrx_word' id='word_1_203' title='bbox 985 1183 1038 1211; x_wconf 91' lang='lat' dir='ltr'>ne</span> <span class='ocrx_word' id='word_1_204' title='bbox 1070 1171 1205 1211; x_wconf 90' lang='lat' dir='ltr'>ullum</span> <span class='ocrx_word' id='word_1_205' title='bbox 1248 1171 1422 1225; x_wconf 87' lang='lat' dir='ltr'>quidem</span> <span class='ocrx_word' id='word_1_206' title='bbox 1461 1184 1695 1225; x_wconf 88' lang='lat' dir='ltr'>pronomen</span> <span class='ocrx_word' id='word_1_207' title='bbox 1737 1172 1892 1224; x_wconf 87' lang='lat' dir='ltr'>(neque</span> <span class='ocrx_word' id='word_1_208' title='bbox 1930 1171 2020 1211; x_wconf 77' lang='lat' dir='ltr'><em>ulla</em></span> <span class='ocrx_word' id='word_1_209' title='bbox 2058 1184 2198 1225; x_wconf 90' lang='lat' dir='ltr'>neque</span> <span class='ocrx_word' id='word_1_210' title='bbox 2230 1171 2394 1224; x_wconf 74' lang='lat' dir='ltr'>aliqua)</span> <span class='ocrx_word' id='word_1_211' title='bbox 2428 1170 2530 1210; x_wconf 88' lang='lat' dir='ltr'>mihi</span> <span class='ocrx_word' id='word_1_212' title='bbox 2564 1170 2710 1223; x_wconf 85' lang='lat' dir='ltr'>placet.</span> 
     </span>
     <span class='ocr_line' id='line_1_16' title="bbox 342 1241 2710 1297; baseline -0.001 -15"><span class='ocrx_word' id='word_1_213' title='bbox 342 1241 494 1295; x_wconf 88' lang='lat' dir='ltr'>Neque</span> <span class='ocrx_word' id='word_1_214' title='bbox 520 1242 633 1282; x_wconf 88' lang='lat' dir='ltr'>enim</span> <span class='ocrx_word' id='word_1_215' title='bbox 659 1242 738 1282; x_wconf 93' lang='lat' dir='ltr'>hoc</span> <span class='ocrx_word' id='word_1_216' title='bbox 769 1243 860 1282; x_wconf 72' lang='lat' dir='ltr'>ulla</span> <span class='ocrx_word' id='word_1_217' title='bbox 886 1243 968 1283; x_wconf 88' lang='lat' dir='ltr'>nisi</span> <span class='ocrx_word' id='word_1_218' title='bbox 994 1256 1091 1283; x_wconf 84' lang='lat' dir='ltr'>cum</span> <span class='ocrx_word' id='word_1_219' title='bbox 1124 1242 1391 1283; x_wconf 84' lang='lat' dir='ltr'>substantivo</span> <span class='ocrx_word' id='word_1_220' title='bbox 1418 1256 1527 1296; x_wconf 75' lang='lat' dir='ltr'>pars</span> <span class='ocrx_word' id='word_1_221' title='bbox 1554 1244 1758 1297; x_wconf 81' lang='lat' dir='ltr'>coniungi</span> <span class='ocrx_word' id='word_1_222' title='bbox 1789 1247 1948 1296; x_wconf 86' lang='lat' dir='ltr'>potest:</span> <span class='ocrx_word' id='word_1_223' title='bbox 1978 1256 2088 1296; x_wconf 73' lang='lat' dir='ltr'>pars</span> <span class='ocrx_word' id='word_1_224' title='bbox 2114 1243 2285 1296; x_wconf 64' lang='lat' dir='ltr'>inqenii</span> <span class='ocrx_word' id='word_1_225' title='bbox 2310 1243 2400 1282; x_wconf 73' lang='lat' dir='ltr'>ulla</span> <span class='ocrx_word' id='word_1_226' title='bbox 2427 1242 2525 1282; x_wconf 77' lang='lat' dir='ltr'>mei.</span> <span class='ocrx_word' id='word_1_227' title='bbox 2563 1241 2710 1281; x_wconf 83' lang='lat' dir='ltr'>Malim</span> 
     </span>
     <span class='ocr_line' id='line_1_17' title="bbox 341 1312 2709 1369; baseline -0.001 -16"><span class='ocrx_word' id='word_1_228' title='bbox 341 1313 593 1367; x_wconf 90' lang='lat' dir='ltr'>pronomine</span> <span class='ocrx_word' id='word_1_229' title='bbox 625 1312 676 1353; x_wconf 88' lang='lat' dir='ltr'>ad</span> <span class='ocrx_word' id='word_1_230' title='bbox 708 1326 855 1354; x_wconf 89' lang='lat' dir='ltr'>vocem</span> <span class='ocrx_word' id='word_1_231' title='bbox 882 1327 991 1368; x_wconf 77' lang='lat' dir='ltr'>pars</span> <span class='ocrx_word' id='word_1_232' title='bbox 1024 1314 1186 1355; x_wconf 86' lang='lat' dir='ltr'>adiecto</span> <span class='ocrx_word' id='word_1_233' title='bbox 1218 1326 1394 1369; x_wconf 90' lang='lat' dir='ltr'>prorsus</span> <span class='ocrx_word' id='word_1_234' title='bbox 1426 1326 1578 1356; x_wconf 85' lang='lat' dir='ltr'>carere.</span> <span class='ocrx_word' id='word_1_235' title='bbox 1630 1313 1726 1354; x_wconf 90' lang='lat' dir='ltr'>Hoc</span> <span class='ocrx_word' id='word_1_236' title='bbox 1758 1318 1901 1355; x_wconf 82' lang='lat' dir='ltr'>autem</span> <span class='ocrx_word' id='word_1_237' title='bbox 1928 1314 2099 1355; x_wconf 79' lang='lat' dir='ltr'>videtur</span> <span class='ocrx_word' id='word_1_238' title='bbox 2130 1314 2234 1354; x_wconf 89' lang='lat' dir='ltr'>mihi</span> <span class='ocrx_word' id='word_1_239' title='bbox 2263 1313 2443 1354; x_wconf 78' lang='lat' dir='ltr'>Ovidius</span> <span class='ocrx_word' id='word_1_240' title='bbox 2470 1313 2709 1367; x_wconf 78' lang='lat' dir='ltr'>scripsisse:</span> 
     </span>
     <span class='ocr_line' id='line_1_18' title="bbox 973 1385 2041 1440; baseline 0.001 -14"><span class='ocrx_word' id='word_1_241' title='bbox 973 1385 1061 1427; x_wconf 76' lang='lat' dir='ltr'>Nee</span> <span class='ocrx_word' id='word_1_242' title='bbox 1091 1385 1186 1426; x_wconf 71' lang='lat' dir='ltr'>nisi</span> <span class='ocrx_word' id='word_1_243' title='bbox 1210 1399 1322 1440; x_wconf 77' lang='lat' dir='ltr'>pars</span> <span class='ocrx_word' id='word_1_244' title='bbox 1353 1399 1459 1427; x_wconf 77' lang='lat' dir='ltr'>casu</span> <span class='ocrx_word' id='word_1_245' title='bbox 1490 1385 1687 1440; x_wconf 75' lang='lat' dir='ltr'>flammis</span> <span class='ocrx_word' id='word_1_246' title='bbox 1720 1389 1864 1440; x_wconf 80' lang='lat' dir='ltr'>erepta</span> <span class='ocrx_word' id='word_1_247' title='bbox 1896 1386 2041 1427; x_wconf 77' lang='lat' dir='ltr'>dolore</span> 
     </span>
     <span class='ocr_line' id='line_1_19' title="bbox 1094 1456 2051 1512; baseline 0 -14"><span class='ocrx_word' id='word_1_248' title='bbox 1094 1457 1166 1498; x_wconf 76' lang='lat' dir='ltr'>Ad</span> <span class='ocrx_word' id='word_1_249' title='bbox 1195 1470 1270 1498; x_wconf 64' lang='lat'><strong><em>‘2⁷03</em></strong></span> <span class='ocrx_word' id='word_1_250' title='bbox 1302 1456 1475 1512; x_wconf 69' lang='lat' dir='ltr'>inqenii</span> <span class='ocrx_word' id='word_1_251' title='bbox 1499 1457 1704 1512; x_wconf 67' lang='lat' dir='ltr'>pervenit</span> <span class='ocrx_word' id='word_1_252' title='bbox 1735 1471 1921 1512; x_wconf 66' lang='lat' dir='ltr'>usque</span> <span class='ocrx_word' id='word_1_253' title='bbox 1955 1457 2051 1498; x_wconf 72' lang='lat' dir='ltr'>mei.</span> 
     </span>
     <span class='ocr_line' id='line_1_20' title="bbox 343 1527 2710 1585; baseline -0.001 -16"><span class='ocrx_word' id='word_1_254' title='bbox 343 1528 476 1584; x_wconf 80' lang='lat' dir='ltr'>Saepe</span> <span class='ocrx_word' id='word_1_255' title='bbox 507 1542 532 1569; x_wconf 88' lang='lat' dir='ltr'>a</span> <span class='ocrx_word' id='word_1_256' title='bbox 562 1533 686 1584; x_wconf 85' lang='lat' dir='ltr'>poeta</span> <span class='ocrx_word' id='word_1_257' title='bbox 718 1530 797 1570; x_wconf 92' lang='lat' dir='ltr'>hoc</span> <span class='ocrx_word' id='word_1_258' title='bbox 829 1529 1082 1571; x_wconf 82' lang='lat' dir='ltr'>adverbium</span> <span class='ocrx_word' id='word_1_259' title='bbox 1113 1542 1253 1583; x_wconf 73' lang='lat' dir='ltr'>usque</span> <span class='ocrx_word' id='word_1_260' title='bbox 1292 1529 1365 1583; x_wconf 81' lang='lat' dir='ltr'>(ad</span> <span class='ocrx_word' id='word_1_261' title='bbox 1398 1530 1485 1583; x_wconf 71' lang='lat' dir='ltr'>ros)</span> <span class='ocrx_word' id='word_1_262' title='bbox 1525 1529 1671 1571; x_wconf 90' lang='lat' dir='ltr'>eodem</span> <span class='ocrx_word' id='word_1_263' title='bbox 1705 1531 1959 1585; x_wconf 88' lang='lat' dir='ltr'>pentametri</span> <span class='ocrx_word' id='word_1_264' title='bbox 1990 1530 2083 1571; x_wconf 93' lang='grc'>1000</span> <span class='ocrx_word' id='word_1_265' title='bbox 2116 1534 2358 1584; x_wconf 84' lang='lat' dir='ltr'>usurpatur,</span> <span class='ocrx_word' id='word_1_266' title='bbox 2392 1529 2508 1569; x_wconf 79' lang='lat' dir='ltr'>velut</span> <span class='ocrx_word' id='word_1_267' title='bbox 2539 1527 2710 1568; x_wconf 85' lang='lat' dir='ltr'>Remed.</span> 
     </span>
     <span class='ocr_line' id='line_1_21' title="bbox 342 1600 2712 1656; baseline -0.001 -14"><span class='ocrx_word' id='word_1_268' title='bbox 342 1614 420 1643; x_wconf 90' lang='lat' dir='ltr'>am.</span> <span class='ocrx_word' id='word_1_269' title='bbox 448 1602 556 1653; x_wconf 83' lang='lat'>4183</span> <span class='ocrx_word' id='word_1_270' title='bbox 590 1601 690 1644; x_wconf 87' lang='lat' dir='ltr'>Her.</span> <span class='ocrx_word' id='word_1_271' title='bbox 718 1601 884 1655; x_wconf 80' lang='lat' dir='ltr'>XVIII,</span> <span class='ocrx_word' id='word_1_272' title='bbox 920 1603 1025 1653; x_wconf 81' lang='lat'>1183</span> <span class='ocrx_word' id='word_1_273' title='bbox 1059 1601 1179 1643; x_wconf 85' lang='lat' dir='ltr'>Trist.</span> <span class='ocrx_word' id='word_1_274' title='bbox 1207 1601 1290 1655; x_wconf 88' lang='lat' dir='ltr'>III,</span> <span class='ocrx_word' id='word_1_275' title='bbox 1326 1604 1363 1655; x_wconf 87' lang='lat'>7,</span> <span class='ocrx_word' id='word_1_276' title='bbox 1397 1603 1472 1653; x_wconf 76' lang='lat'>543</span> <span class='ocrx_word' id='word_1_277' title='bbox 1506 1603 1595 1643; x_wconf 88' lang='lat' dir='ltr'>Art.</span> <span class='ocrx_word' id='word_1_278' title='bbox 1624 1615 1704 1643; x_wconf 88' lang='lat' dir='ltr'>am.</span> <span class='ocrx_word' id='word_1_279' title='bbox 1733 1602 1771 1655; x_wconf 92' lang='grc' dir='ltr'>Ι,</span> <span class='ocrx_word' id='word_1_280' title='bbox 1802 1603 1886 1644; x_wconf 91' lang='grc'>140</span> <span class='ocrx_word' id='word_1_281' title='bbox 1919 1616 2006 1656; x_wconf 75' lang='lat' dir='ltr'>qua</span> <span class='ocrx_word' id='word_1_282' title='bbox 2033 1605 2155 1656; x_wconf 70' lang='lat' dir='ltr'>potes</span> <span class='ocrx_word' id='word_1_283' title='bbox 2189 1614 2352 1655; x_wconf 74' lang='lat' dir='ltr'>usque,·</span> <span class='ocrx_word' id='word_1_284' title='bbox 2387 1601 2483 1642; x_wconf 87' lang='lat' dir='ltr'>Am.</span> <span class='ocrx_word' id='word_1_285' title='bbox 2513 1600 2548 1651; x_wconf 70' lang='lat' dir='ltr'>I.</span> <span class='ocrx_word' id='word_1_286' title='bbox 2580 1602 2651 1651; x_wconf 83' lang='lat'>14,</span> <span class='ocrx_word' id='word_1_287' title='bbox 2685 1602 2712 1640; x_wconf 90' lang='grc'>4</span> 
     </span>
     <span class='ocr_line' id='line_1_22' title="bbox 342 1672 2712 1728; baseline -0 -15"><span class='ocrx_word' id='word_1_288' title='bbox 342 1677 382 1714; x_wconf 85' lang='lat' dir='ltr'>et</span> <span class='ocrx_word' id='word_1_289' title='bbox 414 1673 505 1714; x_wconf 90' lang='lat' dir='ltr'>Art.</span> <span class='ocrx_word' id='word_1_290' title='bbox 533 1686 611 1714; x_wconf 89' lang='lat' dir='ltr'>am.</span> <span class='ocrx_word' id='word_1_291' title='bbox 644 1672 728 1726; x_wconf 91' lang='lat' dir='ltr'>III,</span> <span class='ocrx_word' id='word_1_292' title='bbox 761 1674 848 1715; x_wconf 91' lang='lat'>310</span> <span class='ocrx_word' id='word_1_293' title='bbox 880 1686 970 1727; x_wconf 76' lang='lat' dir='ltr'>qua</span> <span class='ocrx_word' id='word_1_294' title='bbox 1001 1676 1125 1728; x_wconf 77' lang='lat' dir='ltr'>patet</span> <span class='ocrx_word' id='word_1_295' title='bbox 1155 1686 1320 1727; x_wconf 77' lang='lat' dir='ltr'>usque;</span> <span class='ocrx_word' id='word_1_296' title='bbox 1361 1672 1461 1715; x_wconf 88' lang='lat' dir='ltr'>Her.</span> <span class='ocrx_word' id='word_1_297' title='bbox 1490 1673 1567 1727; x_wconf 85' lang='lat' dir='ltr'>VI,</span> <span class='ocrx_word' id='word_1_298' title='bbox 1605 1674 1688 1717; x_wconf 88' lang='lat'>108</span> <span class='ocrx_word' id='word_1_299' title='bbox 1721 1687 1747 1714; x_wconf 86' lang='grc' dir='ltr'><em>α</em></span> <span class='ocrx_word' id='word_1_300' title='bbox 1774 1674 1928 1728; x_wconf 75' lang='lat' dir='ltr'>patria</span> <span class='ocrx_word' id='word_1_301' title='bbox 1961 1673 2170 1715; x_wconf 66' lang='lat' dir='ltr'>Phasidis</span> <span class='ocrx_word' id='word_1_302' title='bbox 2203 1687 2358 1728; x_wconf 70' lang='lat' dir='ltr'>usque,</span> <span class='ocrx_word' id='word_1_303' title='bbox 2399 1673 2423 1714; x_wconf 91' lang='lat' dir='ltr'>i.</span> <span class='ocrx_word' id='word_1_304' title='bbox 2452 1686 2485 1714; x_wconf 91' lang='lat' dir='ltr'>e.</span> <span class='ocrx_word' id='word_1_305' title='bbox 2519 1684 2657 1726; x_wconf 90' lang='lat' dir='ltr'>usque</span> <span class='ocrx_word' id='word_1_306' title='bbox 2690 1686 2712 1712; x_wconf 82' lang='grc'>3</span> 
     </span>
     <span class='ocr_line' id='line_1_23' title="bbox 340 1743 2712 1800; baseline -0.001 -15"><span class='ocrx_word' id='word_1_307' title='bbox 340 1744 476 1799; x_wconf 84' lang='lat' dir='ltr'>patria</span> <span class='ocrx_word' id='word_1_308' title='bbox 508 1743 716 1786; x_wconf 86' lang='lat' dir='ltr'>Phasidis.</span> <span class='ocrx_word' id='word_1_309' title='bbox 762 1769 817 1774; x_wconf 94' lang='lat'><strong>—</strong></span> <span class='ocrx_word' id='word_1_310' title='bbox 864 1744 989 1787; x_wconf 91' lang='lat' dir='ltr'>Addo</span> <span class='ocrx_word' id='word_1_311' title='bbox 1021 1758 1108 1786; x_wconf 90' lang='lat' dir='ltr'>non</span> <span class='ocrx_word' id='word_1_312' title='bbox 1139 1745 1323 1800; x_wconf 83' lang='lat' dir='ltr'>placere,</span> <span class='ocrx_word' id='word_1_313' title='bbox 1369 1745 1485 1800; x_wconf 88' lang='lat' dir='ltr'>quod</span> <span class='ocrx_word' id='word_1_314' title='bbox 1516 1745 1765 1787; x_wconf 87' lang='lat' dir='ltr'>Ehwaldius</span> <span class='ocrx_word' id='word_1_315' title='bbox 1803 1746 1848 1787; x_wconf 88' lang='lat' dir='ltr'>in</span> <span class='ocrx_word' id='word_1_316' title='bbox 1888 1746 2018 1788; x_wconf 87' lang='lat' dir='ltr'>altera</span> <span class='ocrx_word' id='word_1_317' title='bbox 2052 1745 2194 1787; x_wconf 83' lang='lat' dir='ltr'>Ovidii</span> <span class='ocrx_word' id='word_1_318' title='bbox 2233 1745 2418 1786; x_wconf 88' lang='lat' dir='ltr'>editione</span> <span class='ocrx_word' id='word_1_319' title='bbox 2451 1743 2712 1785; x_wconf 80' lang='lat' dir='ltr'>Merkeliana</span> 
     </span>
     <span class='ocr_line' id='line_1_24' title="bbox 342 1815 2712 1873; baseline -0 -16"><span class='ocrx_word' id='word_1_320' title='bbox 342 1816 474 1857; x_wconf 85' lang='lat' dir='ltr'>edidit</span> <span class='ocrx_word' id='word_1_321' title='bbox 505 1830 544 1859; x_wconf 82' lang='lat' dir='ltr'>V.</span> <span class='ocrx_word' id='word_1_322' title='bbox 579 1818 634 1858; x_wconf 88' lang='lat'>63</span> <span class='ocrx_word' id='word_1_323' title='bbox 667 1816 755 1857; x_wconf 79' lang='lat' dir='ltr'>Nec</span> <span class='ocrx_word' id='word_1_324' title='bbox 780 1830 969 1871; x_wconf 74' lang='lat' dir='ltr'>possum</span> <span class='ocrx_word' id='word_1_325' title='bbox 1000 1820 1040 1858; x_wconf 81' lang='lat' dir='ltr'>et</span> <span class='ocrx_word' id='word_1_326' title='bbox 1070 1816 1200 1872; x_wconf 64' lang='lat' dir='ltr'>cupio</span> <span class='ocrx_word' id='word_1_327' title='bbox 1231 1830 1324 1858; x_wconf 72' lang='lat' dir='ltr'>non</span> <span class='ocrx_word' id='word_1_328' title='bbox 1356 1818 1542 1859; x_wconf 71' lang='lat' dir='ltr'>nullos</span> <span class='ocrx_word' id='word_1_329' title='bbox 1573 1818 1726 1859; x_wconf 66' lang='lat' dir='ltr'>demere</span> <span class='ocrx_word' id='word_1_330' title='bbox 1761 1832 1921 1870; x_wconf 59' lang='lat' dir='ltr'>versus,</span> <span class='ocrx_word' id='word_1_331' title='bbox 1957 1831 2066 1873; x_wconf 89' lang='lat' dir='ltr'>quae</span> <span class='ocrx_word' id='word_1_332' title='bbox 2098 1818 2221 1860; x_wconf 87' lang='lat' dir='ltr'>lectio</span> <span class='ocrx_word' id='word_1_333' title='bbox 2255 1822 2302 1858; x_wconf 89' lang='lat' dir='ltr'>ut</span> <span class='ocrx_word' id='word_1_334' title='bbox 2334 1817 2448 1858; x_wconf 88' lang='lat' dir='ltr'>idem</span> <span class='ocrx_word' id='word_1_335' title='bbox 2480 1815 2567 1857; x_wconf 89' lang='lat' dir='ltr'>fere</span> <span class='ocrx_word' id='word_1_336' title='bbox 2600 1816 2712 1857; x_wconf 74' lang='lat' dir='ltr'>valet</span> 
     </span>
     <span class='ocr_line' id='line_1_25' title="bbox 343 1887 2712 1945; baseline 0 -17"><span class='ocrx_word' id='word_1_337' title='bbox 343 1899 391 1928; x_wconf 86' lang='grc'>30</span> <span class='ocrx_word' id='word_1_338' title='bbox 423 1887 600 1942; x_wconf 84' lang='lat' dir='ltr'>vulgata</span> <span class='ocrx_word' id='word_1_339' title='bbox 629 1888 688 1929; x_wconf 84' lang='lat' dir='ltr'>ita</span> <span class='ocrx_word' id='word_1_340' title='bbox 719 1887 762 1928; x_wconf 87' lang='lat' dir='ltr'>vi</span> <span class='ocrx_word' id='word_1_341' title='bbox 795 1901 843 1929; x_wconf 92' lang='grc'>30</span> <span class='ocrx_word' id='word_1_342' title='bbox 884 1888 1117 1931; x_wconf 86' lang='lat' dir='ltr'>subtilitate</span> <span class='ocrx_word' id='word_1_343' title='bbox 1158 1889 1365 1931; x_wconf 89' lang='lat' dir='ltr'>sermonis</span> <span class='ocrx_word' id='word_1_344' title='bbox 1407 1890 1538 1932; x_wconf 87' lang='lat' dir='ltr'>multo</span> <span class='ocrx_word' id='word_1_345' title='bbox 1576 1889 1753 1933; x_wconf 88' lang='lat' dir='ltr'>inferior</span> <span class='ocrx_word' id='word_1_346' title='bbox 1793 1894 1865 1932; x_wconf 90' lang='lat' dir='ltr'>est.</span> <span class='ocrx_word' id='word_1_347' title='bbox 1939 1888 2064 1945; x_wconf 88' lang='lat' dir='ltr'>Cupit</span> <span class='ocrx_word' id='word_1_348' title='bbox 2102 1890 2307 1931; x_wconf 87' lang='lat' dir='ltr'>nimirum</span> <span class='ocrx_word' id='word_1_349' title='bbox 2346 1887 2527 1930; x_wconf 83' lang='lat' dir='ltr'>Ovidius</span> <span class='ocrx_word' id='word_1_350' title='bbox 2570 1887 2712 1929; x_wconf 87' lang='lat' dir='ltr'>nullos</span> 
     </span>
     <span class='ocr_line' id='line_1_26' title="bbox 343 1958 2711 2018; baseline 0 -19"><span class='ocrx_word' id='word_1_351' title='bbox 343 1970 493 2000; x_wconf 90' lang='lat' dir='ltr'>versus</span> <span class='ocrx_word' id='word_1_352' title='bbox 524 1958 680 2013; x_wconf 88' lang='lat' dir='ltr'>facere,</span> <span class='ocrx_word' id='word_1_353' title='bbox 714 1960 814 2014; x_wconf 86' lang='lat' dir='ltr'>quia</span> <span class='ocrx_word' id='word_1_354' title='bbox 846 1973 890 2001; x_wconf 92' lang='lat' dir='ltr'>se</span> <span class='ocrx_word' id='word_1_355' title='bbox 921 1960 1185 2016; x_wconf 90' lang='lat' dir='ltr'>perdiderint</span> <span class='ocrx_word' id='word_1_356' title='bbox 1217 1962 1297 2015; x_wconf 89' lang='lat' dir='ltr'>(vv.</span> <span class='ocrx_word' id='word_1_357' title='bbox 1327 1962 1381 2003; x_wconf 88' lang='lat'>67</span> <span class='ocrx_word' id='word_1_358' title='bbox 1409 1963 1505 2017; x_wconf 89' lang='lat' dir='ltr'>sq.),</span> <span class='ocrx_word' id='word_1_359' title='bbox 1536 1974 1614 2004; x_wconf 89' lang='lat' dir='ltr'>nec</span> <span class='ocrx_word' id='word_1_360' title='bbox 1646 1975 1747 2004; x_wconf 88' lang='lat' dir='ltr'>vero</span> <span class='ocrx_word' id='word_1_361' title='bbox 1780 1967 1916 2018; x_wconf 84' lang='lat' dir='ltr'>potest</span> <span class='ocrx_word' id='word_1_362' title='bbox 1948 1975 2099 2004; x_wconf 80' lang='lat' dir='ltr'>versus</span> <span class='ocrx_word' id='word_1_363' title='bbox 2132 1975 2216 2003; x_wconf 90' lang='lat' dir='ltr'>non</span> <span class='ocrx_word' id='word_1_364' title='bbox 2249 1961 2387 2003; x_wconf 84' lang='lat' dir='ltr'>facere</span> <span class='ocrx_word' id='word_1_365' title='bbox 2420 1962 2501 2013; x_wconf 83' lang='lat' dir='ltr'>(vv.</span> <span class='ocrx_word' id='word_1_366' title='bbox 2530 1961 2586 2001; x_wconf 80' lang='lat'>59</span> <span class='ocrx_word' id='word_1_367' title='bbox 2620 1959 2711 2014; x_wconf 51' lang='lat' dir='ltr'>sq).</span> 
     </span>
    </p>
   </div>
   <div class='ocr_carea' id='block_1_3' title="bbox 1240 2198 1810 2208">
    <p class='ocr_par' dir='ltr' id='par_1_3' title="bbox 1240 2198 1810 2208">
     <span class='ocr_line' id='line_1_27' title="bbox 1240 2198 1810 2208; baseline 0.002 -2"><span class='ocrx_word' id='word_1_368' title='bbox 1240 2202 1245 2206; x_wconf 65' lang='lat'>.</span> <span class='ocrx_word' id='word_1_369' title='bbox 1251 2198 1350 2207; x_wconf 51' lang='lat' dir='ltr'>mm</span> <span class='ocrx_word' id='word_1_370' title='bbox 1353 2199 1376 2207; x_wconf 50' lang='grc' dir='ltr'>κ</span> <span class='ocrx_word' id='word_1_371' title='bbox 1380 2199 1400 2208; x_wconf 54' lang='grc' dir='ltr'>κ</span> <span class='ocrx_word' id='word_1_372' title='bbox 1403 2198 1524 2207; x_wconf 46' lang='lat' dir='ltr'>«mxx-x</span> <span class='ocrx_word' id='word_1_373' title='bbox 1529 2199 1810 2208; x_wconf 39' lang='lat' dir='ltr'>xwvwxmmxn</span> 
     </span>
    </p>
   </div>
   <div class='ocr_carea' id='block_1_4' title="bbox 1134 2406 1927 2476">
    <p class='ocr_par' dir='ltr' id='par_1_4' title="bbox 1134 2406 1927 2476">
     <span class='ocr_line' id='line_1_28' title="bbox 1134 2406 1927 2476; baseline 0 -2"><span class='ocrx_word' id='word_1_374' title='bbox 1134 2406 1429 2475; x_wconf 82' lang='lat' dir='ltr'>Index</span> <span class='ocrx_word' id='word_1_375' title='bbox 1489 2407 1927 2476; x_wconf 87' lang='lat' dir='ltr'>locorum.</span> 
     </span>
    </p>
   </div>
   <div class='ocr_carea' id='block_1_5' title="bbox 1523 2572 1530 3310">
    <p class='ocr_par' dir='ltr' id='par_1_5' title="bbox 1523 2572 1530 3310">
     <span class='ocr_line' id='line_1_29' title="bbox 1523 2572 1530 3310; baseline 0 0"><span class='ocrx_word' id='word_1_376' title='bbox 1523 2572 1530 3310; x_wconf 95' lang='lat' dir='ltr'> </span> 
     </span>
    </p>
   </div>
   <div class='ocr_carea' id='block_1_6' title="bbox 339 2572 2715 3328">
    <p class='ocr_par' dir='ltr' id='par_1_6' title="bbox 339 2572 2715 3328">
     <span class='ocr_line' id='line_1_30' title="bbox 1293 2572 2696 2607; baseline -0.001 -9"><span class='ocrx_word' id='word_1_377' title='bbox 1293 2572 1400 2607; x_wconf 74' lang='lat' dir='ltr'>pagina</span> <span class='ocrx_word' id='word_1_378' title='bbox 2590 2572 2696 2606; x_wconf 55' lang='lat' dir='ltr'>pagina</span> 
     </span>
     <span class='ocr_line' id='line_1_31' title="bbox 341 2618 2713 2666; baseline 0 -14"><span class='ocrx_word' id='word_1_379' title='bbox 341 2618 425 2653; x_wconf 89' lang='lat' dir='ltr'>Her.</span> <span class='ocrx_word' id='word_1_380' title='bbox 453 2619 499 2663; x_wconf 89' lang='lat' dir='ltr'>II,</span> <span class='ocrx_word' id='word_1_381' title='bbox 531 2620 571 2653; x_wconf 92' lang='grc'>11</span> <span class='ocrx_word' id='word_1_382' title='bbox 680 2648 684 2652; x_wconf 92' lang='grc'>.</span> <span class='ocrx_word' id='word_1_383' title='bbox 786 2647 793 2654; x_wconf 92' lang='grc'><strong>.</strong></span> <span class='ocrx_word' id='word_1_384' title='bbox 895 2648 901 2654; x_wconf 92' lang='grc'><strong>.</strong></span> <span class='ocrx_word' id='word_1_385' title='bbox 1003 2648 1008 2653; x_wconf 94' lang='grc'><em>.</em></span> <span class='ocrx_word' id='word_1_386' title='bbox 1111 2649 1116 2655; x_wconf 96' lang='grc'>.</span> <span class='ocrx_word' id='word_1_387' title='bbox 1218 2648 1224 2654; x_wconf 82' lang='grc'>,</span> <span class='ocrx_word' id='word_1_388' title='bbox 1320 2624 1336 2655; x_wconf 92' lang='grc'>1</span> <span class='ocrx_word' id='word_1_389' title='bbox 1364 2632 1415 2666; x_wconf 88' lang='lat' dir='ltr'>sq.</span> <span class='ocrx_word' id='word_1_390' title='bbox 1633 2620 1718 2654; x_wconf 85' lang='lat' dir='ltr'>Her.</span> <span class='ocrx_word' id='word_1_391' title='bbox 1746 2621 1809 2664; x_wconf 78' lang='lat' dir='ltr'>VI.</span> <span class='ocrx_word' id='word_1_392' title='bbox 1836 2621 1883 2655; x_wconf 75' lang='lat'>54</span> <span class='ocrx_word' id='word_1_393' title='bbox 1974 2648 1981 2655; x_wconf 92' lang='lat'>.</span> <span class='ocrx_word' id='word_1_394' title='bbox 2081 2648 2087 2655; x_wconf 94' lang='lat'>.</span> <span class='ocrx_word' id='word_1_395' title='bbox 2191 2649 2196 2653; x_wconf 91' lang='lat'>.</span> <span class='ocrx_word' id='word_1_396' title='bbox 2298 2648 2304 2654; x_wconf 96' lang='lat'>.</span> <span class='ocrx_word' id='word_1_397' title='bbox 2407 2648 2412 2653; x_wconf 95' lang='lat'>.</span> <span class='ocrx_word' id='word_1_398' title='bbox 2515 2648 2521 2653; x_wconf 90' lang='lat'>.</span> <span class='ocrx_word' id='word_1_399' title='bbox 2613 2620 2635 2654; x_wconf 87' lang='lat'>5</span> <span class='ocrx_word' id='word_1_400' title='bbox 2663 2632 2713 2664; x_wconf 80' lang='lat' dir='ltr'>sq.</span> 
     </span>
     <span class='ocr_line' id='line_1_32' title="bbox 341 2678 2636 2726; baseline 0.001 -14"><span class='ocrx_word' id='word_1_401' title='bbox 341 2678 425 2714; x_wconf 89' lang='lat' dir='ltr'>Her.</span> <span class='ocrx_word' id='word_1_402' title='bbox 452 2679 499 2723; x_wconf 90' lang='lat' dir='ltr'>II,</span> <span class='ocrx_word' id='word_1_403' title='bbox 525 2680 571 2714; x_wconf 84' lang='lat'>47</span> <span class='ocrx_word' id='word_1_404' title='bbox 679 2708 684 2713; x_wconf 94' lang='lat'>.</span> <span class='ocrx_word' id='word_1_405' title='bbox 786 2709 793 2715; x_wconf 89' lang='lat'>.</span> <span class='ocrx_word' id='word_1_406' title='bbox 895 2708 900 2713; x_wconf 95' lang='lat'>.</span> <span class='ocrx_word' id='word_1_407' title='bbox 1002 2709 1008 2715; x_wconf 89' lang='lat'>.</span> <span class='ocrx_word' id='word_1_408' title='bbox 1110 2708 1115 2713; x_wconf 94' lang='lat'>.</span> <span class='ocrx_word' id='word_1_409' title='bbox 1217 2709 1223 2715; x_wconf 94' lang='lat'>.</span> <span class='ocrx_word' id='word_1_410' title='bbox 1292 2680 1337 2715; x_wconf 89' lang='grc'>18</span> <span class='ocrx_word' id='word_1_411' title='bbox 1633 2680 1718 2715; x_wconf 85' lang='lat' dir='ltr'>Her.</span> <span class='ocrx_word' id='word_1_412' title='bbox 1746 2681 1828 2725; x_wconf 73' lang='lat' dir='ltr'>Vll,</span> <span class='ocrx_word' id='word_1_413' title='bbox 1855 2681 1900 2715; x_wconf 87' lang='lat'>33</span> <span class='ocrx_word' id='word_1_414' title='bbox 1927 2693 1978 2726; x_wconf 81' lang='lat' dir='ltr'>sq.</span> <span class='ocrx_word' id='word_1_415' title='bbox 2081 2710 2085 2714; x_wconf 96' lang='lat'>.</span> <span class='ocrx_word' id='word_1_416' title='bbox 2189 2709 2193 2714; x_wconf 94' lang='lat'>.</span> <span class='ocrx_word' id='word_1_417' title='bbox 2297 2709 2302 2714; x_wconf 95' lang='lat'>.</span> <span class='ocrx_word' id='word_1_418' title='bbox 2406 2709 2411 2714; x_wconf 95' lang='lat'>.</span> <span class='ocrx_word' id='word_1_419' title='bbox 2514 2709 2519 2714; x_wconf 91' lang='lat'>.</span> <span class='ocrx_word' id='word_1_420' title='bbox 2613 2680 2636 2714; x_wconf 88' lang='lat'>6</span> 
     </span>
     <span class='ocr_line' id='line_1_33' title="bbox 340 2737 2634 2783; baseline 0.001 -12"><span class='ocrx_word' id='word_1_421' title='bbox 340 2737 424 2773; x_wconf 88' lang='lat' dir='ltr'>Her.</span> <span class='ocrx_word' id='word_1_422' title='bbox 452 2739 499 2783; x_wconf 88' lang='grc' dir='ltr'>Π,</span> <span class='ocrx_word' id='word_1_423' title='bbox 526 2739 573 2775; x_wconf 88' lang='grc'>90</span> <span class='ocrx_word' id='word_1_424' title='bbox 681 2768 686 2774; x_wconf 97' lang='grc'><em>.</em></span> <span class='ocrx_word' id='word_1_425' title='bbox 788 2768 794 2773; x_wconf 92' lang='grc'>.</span> <span class='ocrx_word' id='word_1_426' title='bbox 896 2768 901 2774; x_wconf 97' lang='grc'><em>.</em></span> <span class='ocrx_word' id='word_1_427' title='bbox 1003 2768 1009 2775; x_wconf 92' lang='grc'><strong>.</strong></span> <span class='ocrx_word' id='word_1_428' title='bbox 1110 2769 1115 2773; x_wconf 96' lang='grc'><em>.</em></span> <span class='ocrx_word' id='word_1_429' title='bbox 1217 2769 1224 2775; x_wconf 92' lang='grc'><em>.</em></span> <span class='ocrx_word' id='word_1_430' title='bbox 1315 2741 1338 2775; x_wconf 91' lang='grc'>3</span> <span class='ocrx_word' id='word_1_431' title='bbox 1633 2739 1719 2776; x_wconf 89' lang='lat' dir='ltr'>Her.</span> <span class='ocrx_word' id='word_1_432' title='bbox 1747 2741 1829 2779; x_wconf 79' lang='lat' dir='ltr'>VII.</span> <span class='ocrx_word' id='word_1_433' title='bbox 1855 2741 1901 2775; x_wconf 78' lang='lat'>45</span> <span class='ocrx_word' id='word_1_434' title='bbox 1975 2769 1980 2774; x_wconf 94' lang='lat'>.</span> <span class='ocrx_word' id='word_1_435' title='bbox 2081 2768 2087 2775; x_wconf 91' lang='lat'>.</span> <span class='ocrx_word' id='word_1_436' title='bbox 2190 2770 2195 2775; x_wconf 92' lang='lat'>.</span> <span class='ocrx_word' id='word_1_437' title='bbox 2298 2769 2304 2774; x_wconf 87' lang='lat'>.</span> <span class='ocrx_word' id='word_1_438' title='bbox 2407 2769 2412 2774; x_wconf 89' lang='lat'>.</span> <span class='ocrx_word' id='word_1_439' title='bbox 2514 2769 2520 2775; x_wconf 91' lang='lat'>.</span> <span class='ocrx_word' id='word_1_440' title='bbox 2615 2741 2634 2774; x_wconf 77' lang='lat'>7</span> 
     </span>
     <span class='ocr_line' id='line_1_34' title="bbox 341 2795 2714 2845; baseline 0.002 -15"><span class='ocrx_word' id='word_1_441' title='bbox 341 2795 426 2832; x_wconf 83' lang='lat' dir='ltr'>Her.</span> <span class='ocrx_word' id='word_1_442' title='bbox 452 2797 499 2842; x_wconf 87' lang='lat' dir='ltr'>H,</span> <span class='ocrx_word' id='word_1_443' title='bbox 526 2798 573 2833; x_wconf 89' lang='grc'>98</span> <span class='ocrx_word' id='word_1_444' title='bbox 679 2828 685 2834; x_wconf 93' lang='grc'><strong>.</strong></span> <span class='ocrx_word' id='word_1_445' title='bbox 787 2827 792 2833; x_wconf 95' lang='grc'><em>.</em></span> <span class='ocrx_word' id='word_1_446' title='bbox 819 2802 826 2808; x_wconf 81' lang='grc'><strong>’</strong></span> <span class='ocrx_word' id='word_1_447' title='bbox 893 2827 900 2834; x_wconf 93' lang='grc'><strong>.</strong></span> <span class='ocrx_word' id='word_1_448' title='bbox 1002 2828 1008 2833; x_wconf 88' lang='grc'><strong>.</strong></span> <span class='ocrx_word' id='word_1_449' title='bbox 1111 2829 1115 2832; x_wconf 93' lang='grc'><em>.</em></span> <span class='ocrx_word' id='word_1_450' title='bbox 1217 2828 1223 2834; x_wconf 93' lang='grc'><strong>.</strong></span> <span class='ocrx_word' id='word_1_451' title='bbox 1293 2800 1337 2835; x_wconf 88' lang='grc'>18</span> <span class='ocrx_word' id='word_1_452' title='bbox 1634 2800 1720 2834; x_wconf 81' lang='lat' dir='ltr'>Her.</span> <span class='ocrx_word' id='word_1_453' title='bbox 1749 2800 1831 2836; x_wconf 67' lang='lat' dir='ltr'>VH.</span> <span class='ocrx_word' id='word_1_454' title='bbox 1859 2801 1905 2834; x_wconf 80' lang='grc'>59</span> <span class='ocrx_word' id='word_1_455' title='bbox 1931 2813 1982 2845; x_wconf 79' lang='lat' dir='ltr'>sq.</span> <span class='ocrx_word' id='word_1_456' title='bbox 2082 2831 2087 2835; x_wconf 96' lang='lat'>.</span> <span class='ocrx_word' id='word_1_457' title='bbox 2190 2828 2196 2834; x_wconf 94' lang='lat'>.</span> <span class='ocrx_word' id='word_1_458' title='bbox 2301 2830 2304 2832; x_wconf 85' lang='lat'>.</span> <span class='ocrx_word' id='word_1_459' title='bbox 2406 2829 2412 2835; x_wconf 92' lang='lat'>.</span> <span class='ocrx_word' id='word_1_460' title='bbox 2516 2829 2520 2833; x_wconf 95' lang='lat'>.</span> <span class='ocrx_word' id='word_1_461' title='bbox 2616 2801 2635 2834; x_wconf 80' lang='grc'>7</span> <span class='ocrx_word' id='word_1_462' title='bbox 2663 2814 2714 2844; x_wconf 75' lang='lat' dir='ltr'>sq.</span> 
     </span>
     <span class='ocr_line' id='line_1_35' title="bbox 341 2854 2636 2906; baseline 0.003 -16"><span class='ocrx_word' id='word_1_463' title='bbox 341 2854 425 2892; x_wconf 85' lang='lat' dir='ltr'>Her.</span> <span class='ocrx_word' id='word_1_464' title='bbox 452 2856 499 2902; x_wconf 87' lang='lat' dir='ltr'>II,</span> <span class='ocrx_word' id='word_1_465' title='bbox 528 2857 596 2893; x_wconf 84' lang='lat'>137</span> <span class='ocrx_word' id='word_1_466' title='bbox 679 2886 685 2893; x_wconf 94' lang='lat'>.</span> <span class='ocrx_word' id='word_1_467' title='bbox 787 2886 792 2893; x_wconf 93' lang='lat'>.</span> <span class='ocrx_word' id='word_1_468' title='bbox 894 2887 900 2893; x_wconf 98' lang='lat'>.</span> <span class='ocrx_word' id='word_1_469' title='bbox 1002 2888 1008 2894; x_wconf 93' lang='lat'>.</span> <span class='ocrx_word' id='word_1_470' title='bbox 1111 2888 1116 2894; x_wconf 96' lang='lat'>.</span> <span class='ocrx_word' id='word_1_471' title='bbox 1216 2887 1223 2895; x_wconf 92' lang='lat'>.</span> <span class='ocrx_word' id='word_1_472' title='bbox 1315 2859 1337 2895; x_wconf 90' lang='lat'>3</span> <span class='ocrx_word' id='word_1_473' title='bbox 1634 2860 1720 2895; x_wconf 87' lang='lat' dir='ltr'>Her.</span> <span class='ocrx_word' id='word_1_474' title='bbox 1747 2860 1848 2904; x_wconf 73' lang='lat' dir='ltr'>Vssl,</span> <span class='ocrx_word' id='word_1_475' title='bbox 1878 2860 1922 2895; x_wconf 83' lang='lat'>19</span> <span class='ocrx_word' id='word_1_476' title='bbox 1948 2871 1999 2906; x_wconf 76' lang='lat' dir='ltr'>sq.</span> <span class='ocrx_word' id='word_1_477' title='bbox 2081 2890 2086 2895; x_wconf 93' lang='lat'>.</span> <span class='ocrx_word' id='word_1_478' title='bbox 2189 2890 2195 2895; x_wconf 94' lang='lat'>.</span> <span class='ocrx_word' id='word_1_479' title='bbox 2298 2889 2303 2894; x_wconf 92' lang='lat'>.</span> <span class='ocrx_word' id='word_1_480' title='bbox 2406 2888 2412 2895; x_wconf 93' lang='lat'>.</span> <span class='ocrx_word' id='word_1_481' title='bbox 2515 2890 2521 2896; x_wconf 87' lang='lat'>.</span> <span class='ocrx_word' id='word_1_482' title='bbox 2613 2860 2636 2895; x_wconf 80' lang='grc'>8</span> 
     </span>
     <span class='ocr_line' id='line_1_36' title="bbox 340 2917 2635 2967; baseline 0.002 -16"><span class='ocrx_word' id='word_1_483' title='bbox 340 2917 425 2953; x_wconf 89' lang='lat' dir='ltr'>Her.</span> <span class='ocrx_word' id='word_1_484' title='bbox 451 2918 499 2961; x_wconf 90' lang='grc' dir='ltr'>Π,</span> <span class='ocrx_word' id='word_1_485' title='bbox 527 2918 596 2952; x_wconf 88' lang='grc'>143</span> <span class='ocrx_word' id='word_1_486' title='bbox 680 2946 686 2952; x_wconf 92' lang='grc'><em>.</em></span> <span class='ocrx_word' id='word_1_487' title='bbox 788 2948 794 2954; x_wconf 95' lang='grc'><em>.</em></span> <span class='ocrx_word' id='word_1_488' title='bbox 897 2947 903 2953; x_wconf 90' lang='grc'><em>.</em></span> <span class='ocrx_word' id='word_1_489' title='bbox 1004 2948 1009 2953; x_wconf 93' lang='grc'><strong>.</strong></span> <span class='ocrx_word' id='word_1_490' title='bbox 1110 2947 1117 2955; x_wconf 93' lang='grc'><strong>.</strong></span> <span class='ocrx_word' id='word_1_491' title='bbox 1217 2948 1224 2955; x_wconf 92' lang='grc'><strong>.</strong></span> <span class='ocrx_word' id='word_1_492' title='bbox 1315 2921 1339 2965; x_wconf 65' lang='grc'>3,</span> <span class='ocrx_word' id='word_1_493' title='bbox 1364 2932 1416 2967; x_wconf 86' lang='lat' dir='ltr'>sq.</span> <span class='ocrx_word' id='word_1_494' title='bbox 1634 2921 1720 2956; x_wconf 90' lang='lat' dir='ltr'>Her.</span> <span class='ocrx_word' id='word_1_495' title='bbox 1748 2921 1848 2965; x_wconf 73' lang='lat' dir='ltr'>VIII,</span> <span class='ocrx_word' id='word_1_496' title='bbox 1876 2921 1919 2955; x_wconf 86' lang='grc'>61</span> <span class='ocrx_word' id='word_1_497' title='bbox 1975 2949 1980 2955; x_wconf 95' lang='grc'><strong><em>.</em></strong></span> <span class='ocrx_word' id='word_1_498' title='bbox 2082 2949 2088 2956; x_wconf 94' lang='grc'><em>.</em></span> <span class='ocrx_word' id='word_1_499' title='bbox 2190 2949 2197 2956; x_wconf 93' lang='grc'><strong>.</strong></span> <span class='ocrx_word' id='word_1_500' title='bbox 2299 2951 2305 2957; x_wconf 89' lang='grc'><strong>.</strong></span> <span class='ocrx_word' id='word_1_501' title='bbox 2406 2949 2413 2956; x_wconf 89' lang='grc'><strong>.</strong></span> <span class='ocrx_word' id='word_1_502' title='bbox 2516 2950 2521 2954; x_wconf 94' lang='grc'><em>.</em></span> <span class='ocrx_word' id='word_1_503' title='bbox 2590 2921 2635 2956; x_wconf 81' lang='lat'>:23</span> 
     </span>
     <span class='ocr_line' id='line_1_37' title="bbox 340 2979 2714 3026; baseline 0 -13"><span class='ocrx_word' id='word_1_504' title='bbox 340 2979 425 3013; x_wconf 91' lang='lat' dir='ltr'>Her.</span> <span class='ocrx_word' id='word_1_505' title='bbox 450 2979 517 3023; x_wconf 85' lang='grc' dir='ltr'>ΙΙΙ,</span> <span class='ocrx_word' id='word_1_506' title='bbox 543 2979 590 3013; x_wconf 87' lang='grc'>58</span> <span class='ocrx_word' id='word_1_507' title='bbox 676 3007 683 3014; x_wconf 92' lang='grc'><strong>.</strong></span> <span class='ocrx_word' id='word_1_508' title='bbox 785 3007 791 3013; x_wconf 89' lang='grc'><strong>.</strong></span> <span class='ocrx_word' id='word_1_509' title='bbox 894 3008 899 3014; x_wconf 97' lang='grc'><em>.</em></span> <span class='ocrx_word' id='word_1_510' title='bbox 1002 3008 1007 3013; x_wconf 97' lang='grc'><em>.</em></span> <span class='ocrx_word' id='word_1_511' title='bbox 1108 3008 1114 3015; x_wconf 94' lang='grc'><strong>.</strong></span> <span class='ocrx_word' id='word_1_512' title='bbox 1215 3008 1222 3015; x_wconf 91' lang='grc'><strong>.</strong></span> <span class='ocrx_word' id='word_1_513' title='bbox 1300 2982 1344 3015; x_wconf 85' lang='grc'>18</span> <span class='ocrx_word' id='word_1_514' title='bbox 1635 2982 1721 3017; x_wconf 89' lang='lat' dir='ltr'>Her.</span> <span class='ocrx_word' id='word_1_515' title='bbox 1751 2982 1851 3025; x_wconf 82' lang='lat' dir='ltr'>VIII,</span> <span class='ocrx_word' id='word_1_516' title='bbox 1879 2982 1950 3016; x_wconf 85' lang='lat'>104</span> <span class='ocrx_word' id='word_1_517' title='bbox 1975 3009 1982 3016; x_wconf 90' lang='lat'>.</span> <span class='ocrx_word' id='word_1_518' title='bbox 2084 3010 2091 3016; x_wconf 89' lang='lat'>.</span> <span class='ocrx_word' id='word_1_519' title='bbox 2193 3010 2198 3015; x_wconf 91' lang='lat'>.</span> <span class='ocrx_word' id='word_1_520' title='bbox 2301 3012 2306 3017; x_wconf 86' lang='lat'>.</span> <span class='ocrx_word' id='word_1_521' title='bbox 2410 3011 2415 3016; x_wconf 94' lang='lat'>.</span> <span class='ocrx_word' id='word_1_522' title='bbox 2516 3009 2522 3016; x_wconf 93' lang='lat'>.</span> <span class='ocrx_word' id='word_1_523' title='bbox 2615 2983 2637 3015; x_wconf 83' lang='lat'>8</span> <span class='ocrx_word' id='word_1_524' title='bbox 2664 2994 2714 3026; x_wconf 74' lang='lat' dir='ltr'>sq.</span> 
     </span>
     <span class='ocr_line' id='line_1_38' title="bbox 341 3040 2637 3085; baseline 0 -11"><span class='ocrx_word' id='word_1_525' title='bbox 341 3040 425 3076; x_wconf 90' lang='lat' dir='ltr'>Her.</span> <span class='ocrx_word' id='word_1_526' title='bbox 451 3040 517 3084; x_wconf 87' lang='lat' dir='ltr'>III,</span> <span class='ocrx_word' id='word_1_527' title='bbox 545 3040 614 3074; x_wconf 88' lang='lat'>134</span> <span class='ocrx_word' id='word_1_528' title='bbox 678 3068 683 3074; x_wconf 94' lang='lat'>.</span> <span class='ocrx_word' id='word_1_529' title='bbox 786 3068 791 3074; x_wconf 97' lang='lat'>.</span> <span class='ocrx_word' id='word_1_530' title='bbox 894 3069 899 3073; x_wconf 88' lang='lat'>.</span> <span class='ocrx_word' id='word_1_531' title='bbox 1001 3068 1007 3076; x_wconf 96' lang='lat'>.</span> <span class='ocrx_word' id='word_1_532' title='bbox 1110 3070 1115 3076; x_wconf 95' lang='lat'>.</span> <span class='ocrx_word' id='word_1_533' title='bbox 1217 3069 1223 3075; x_wconf 93' lang='lat'>.</span> <span class='ocrx_word' id='word_1_534' title='bbox 1314 3042 1339 3076; x_wconf 85' lang='lat'>4</span> <span class='ocrx_word' id='word_1_535' title='bbox 1635 3042 1720 3077; x_wconf 89' lang='lat' dir='ltr'>Her.</span> <span class='ocrx_word' id='word_1_536' title='bbox 1748 3042 1815 3085; x_wconf 89' lang='lat' dir='ltr'>IX,</span> <span class='ocrx_word' id='word_1_537' title='bbox 1842 3042 1888 3076; x_wconf 83' lang='lat'>38</span> <span class='ocrx_word' id='word_1_538' title='bbox 1976 3070 1981 3076; x_wconf 96' lang='lat'>.</span> <span class='ocrx_word' id='word_1_539' title='bbox 2085 3070 2090 3075; x_wconf 95' lang='lat'>.</span> <span class='ocrx_word' id='word_1_540' title='bbox 2193 3070 2198 3076; x_wconf 94' lang='lat'>.</span> <span class='ocrx_word' id='word_1_541' title='bbox 2302 3071 2306 3075; x_wconf 83' lang='lat'>.</span> <span class='ocrx_word' id='word_1_542' title='bbox 2410 3070 2415 3075; x_wconf 91' lang='lat'>.</span> <span class='ocrx_word' id='word_1_543' title='bbox 2517 3069 2522 3074; x_wconf 93' lang='lat'>.</span> <span class='ocrx_word' id='word_1_544' title='bbox 2615 3042 2637 3075; x_wconf 84' lang='grc'><strong>9</strong></span> 
     </span>
     <span class='ocr_line' id='line_1_39' title="bbox 340 3100 2635 3147; baseline 0 -12"><span class='ocrx_word' id='word_1_545' title='bbox 340 3100 425 3135; x_wconf 90' lang='lat' dir='ltr'>Her.</span> <span class='ocrx_word' id='word_1_546' title='bbox 453 3100 515 3145; x_wconf 88' lang='lat' dir='ltr'>IV,</span> <span class='ocrx_word' id='word_1_547' title='bbox 542 3101 565 3135; x_wconf 86' lang='lat'>9</span> <span class='ocrx_word' id='word_1_548' title='bbox 680 3129 685 3134; x_wconf 88' lang='lat'>.</span> <span class='ocrx_word' id='word_1_549' title='bbox 787 3129 794 3135; x_wconf 95' lang='lat'>.</span> <span class='ocrx_word' id='word_1_550' title='bbox 896 3129 901 3134; x_wconf 93' lang='lat'>.</span> <span class='ocrx_word' id='word_1_551' title='bbox 1004 3129 1011 3136; x_wconf 94' lang='lat'>.</span> <span class='ocrx_word' id='word_1_552' title='bbox 1112 3130 1117 3135; x_wconf 94' lang='lat'>.</span> <span class='ocrx_word' id='word_1_553' title='bbox 1219 3130 1225 3135; x_wconf 94' lang='lat'>.</span> <span class='ocrx_word' id='word_1_554' title='bbox 1296 3101 1339 3136; x_wconf 89' lang='lat'>18</span> <span class='ocrx_word' id='word_1_555' title='bbox 1366 3114 1417 3147; x_wconf 82' lang='lat' dir='ltr'>sq.</span> <span class='ocrx_word' id='word_1_556' title='bbox 1636 3102 1721 3137; x_wconf 89' lang='lat' dir='ltr'>Her.</span> <span class='ocrx_word' id='word_1_557' title='bbox 1750 3102 1816 3146; x_wconf 89' lang='lat' dir='ltr'>IX,</span> <span class='ocrx_word' id='word_1_558' title='bbox 1845 3102 1890 3136; x_wconf 83' lang='lat'>70</span> <span class='ocrx_word' id='word_1_559' title='bbox 1975 3131 1980 3136; x_wconf 93' lang='lat'>.</span> <span class='ocrx_word' id='word_1_560' title='bbox 2083 3130 2088 3135; x_wconf 81' lang='grc'><strong>.</strong></span> <span class='ocrx_word' id='word_1_561' title='bbox 2192 3131 2197 3136; x_wconf 96' lang='grc'><em>.</em></span> <span class='ocrx_word' id='word_1_562' title='bbox 2299 3131 2305 3136; x_wconf 94' lang='grc'><em>.</em></span> <span class='ocrx_word' id='word_1_563' title='bbox 2409 3130 2414 3135; x_wconf 93' lang='grc'><em>.</em></span> <span class='ocrx_word' id='word_1_564' title='bbox 2518 3131 2521 3135; x_wconf 93' lang='grc'>.</span> <span class='ocrx_word' id='word_1_565' title='bbox 2591 3102 2635 3135; x_wconf 77' lang='grc'>19</span> 
     </span>
     <span class='ocr_line' id='line_1_40' title="bbox 341 3160 2715 3206; baseline 0 -11"><span class='ocrx_word' id='word_1_566' title='bbox 341 3160 425 3197; x_wconf 90' lang='lat' dir='ltr'>Her.</span> <span class='ocrx_word' id='word_1_567' title='bbox 452 3160 516 3205; x_wconf 87' lang='lat' dir='ltr'>IV,</span> <span class='ocrx_word' id='word_1_568' title='bbox 545 3161 589 3195; x_wconf 91' lang='lat'>16</span> <span class='ocrx_word' id='word_1_569' title='bbox 677 3189 682 3195; x_wconf 96' lang='lat'>.</span> <span class='ocrx_word' id='word_1_570' title='bbox 785 3189 790 3194; x_wconf 94' lang='lat'>.</span> <span class='ocrx_word' id='word_1_571' title='bbox 892 3189 898 3194; x_wconf 95' lang='lat'>.</span> <span class='ocrx_word' id='word_1_572' title='bbox 1000 3189 1006 3195; x_wconf 93' lang='lat'>.</span> <span class='ocrx_word' id='word_1_573' title='bbox 1109 3191 1115 3196; x_wconf 91' lang='lat'>.</span> <span class='ocrx_word' id='word_1_574' title='bbox 1217 3190 1222 3195; x_wconf 95' lang='lat'>.</span> <span class='ocrx_word' id='word_1_575' title='bbox 1315 3163 1339 3197; x_wconf 86' lang='lat'>4</span> <span class='ocrx_word' id='word_1_576' title='bbox 1636 3162 1722 3198; x_wconf 88' lang='lat' dir='ltr'>Hor.</span> <span class='ocrx_word' id='word_1_577' title='bbox 1748 3162 1814 3206; x_wconf 80' lang='lat' dir='ltr'>IX,</span> <span class='ocrx_word' id='word_1_578' title='bbox 1844 3162 1913 3197; x_wconf 78' lang='lat'>126</span> <span class='ocrx_word' id='word_1_579' title='bbox 1977 3190 1983 3196; x_wconf 90' lang='lat'>.</span> <span class='ocrx_word' id='word_1_580' title='bbox 2085 3191 2090 3196; x_wconf 88' lang='lat'>.</span> <span class='ocrx_word' id='word_1_581' title='bbox 2193 3191 2198 3196; x_wconf 85' lang='lat'>.</span> <span class='ocrx_word' id='word_1_582' title='bbox 2301 3191 2306 3195; x_wconf 92' lang='lat'>.</span> <span class='ocrx_word' id='word_1_583' title='bbox 2410 3190 2415 3195; x_wconf 91' lang='lat'>.</span> <span class='ocrx_word' id='word_1_584' title='bbox 2518 3190 2522 3194; x_wconf 79' lang='lat'>.</span> <span class='ocrx_word' id='word_1_585' title='bbox 2615 3163 2637 3196; x_wconf 75' lang='lat'><strong>9</strong></span> <span class='ocrx_word' id='word_1_586' title='bbox 2664 3175 2715 3206; x_wconf 74' lang='lat' dir='ltr'>sq.</span> 
     </span>
     <span class='ocr_line' id='line_1_41' title="bbox 340 3219 2715 3268; baseline 0 -13"><span class='ocrx_word' id='word_1_587' title='bbox 340 3219 426 3256; x_wconf 88' lang='lat' dir='ltr'>Her.</span> <span class='ocrx_word' id='word_1_588' title='bbox 452 3220 516 3266; x_wconf 89' lang='lat' dir='ltr'>IV,</span> <span class='ocrx_word' id='word_1_589' title='bbox 543 3220 590 3256; x_wconf 93' lang='lat'>86</span> <span class='ocrx_word' id='word_1_590' title='bbox 678 3249 685 3256; x_wconf 91' lang='lat'>.</span> <span class='ocrx_word' id='word_1_591' title='bbox 789 3250 795 3256; x_wconf 94' lang='lat'>.</span> <span class='ocrx_word' id='word_1_592' title='bbox 895 3252 901 3257; x_wconf 92' lang='lat'>.</span> <span class='ocrx_word' id='word_1_593' title='bbox 1002 3253 1007 3257; x_wconf 91' lang='lat'>.</span> <span class='ocrx_word' id='word_1_594' title='bbox 1110 3248 1116 3254; x_wconf 91' lang='lat'>.</span> <span class='ocrx_word' id='word_1_595' title='bbox 1219 3249 1224 3255; x_wconf 93' lang='lat'>.</span> <span class='ocrx_word' id='word_1_596' title='bbox 1316 3221 1341 3256; x_wconf 89' lang='grc'>4</span> <span class='ocrx_word' id='word_1_597' title='bbox 1367 3233 1418 3268; x_wconf 79' lang='lat' dir='ltr'>sq.</span> <span class='ocrx_word' id='word_1_598' title='bbox 1637 3221 1721 3257; x_wconf 89' lang='lat' dir='ltr'>Her.</span> <span class='ocrx_word' id='word_1_599' title='bbox 1749 3221 1796 3266; x_wconf 88' lang='lat' dir='ltr'>X,</span> <span class='ocrx_word' id='word_1_600' title='bbox 1826 3222 1843 3256; x_wconf 90' lang='lat'>1</span> <span class='ocrx_word' id='word_1_601' title='bbox 1872 3232 1923 3267; x_wconf 81' lang='lat' dir='ltr'>sq.</span> <span class='ocrx_word' id='word_1_602' title='bbox 1977 3250 1982 3255; x_wconf 95' lang='lat'>.</span> <span class='ocrx_word' id='word_1_603' title='bbox 2084 3250 2090 3256; x_wconf 92' lang='lat'>.</span> <span class='ocrx_word' id='word_1_604' title='bbox 2192 3250 2198 3257; x_wconf 93' lang='lat'>.</span> <span class='ocrx_word' id='word_1_605' title='bbox 2301 3251 2307 3257; x_wconf 90' lang='lat'>.</span> <span class='ocrx_word' id='word_1_606' title='bbox 2409 3250 2414 3256; x_wconf 93' lang='lat'>.</span> <span class='ocrx_word' id='word_1_607' title='bbox 2517 3250 2522 3255; x_wconf 85' lang='lat'>.</span> <span class='ocrx_word' id='word_1_608' title='bbox 2593 3221 2638 3256; x_wconf 91' lang='grc'>10</span> <span class='ocrx_word' id='word_1_609' title='bbox 2664 3232 2715 3266; x_wconf 81' lang='lat' dir='ltr'>sq.</span> 
     </span>
     <span class='ocr_line' id='line_1_42' title="bbox 339 3281 2637 3328; baseline 0 -13"><span class='ocrx_word' id='word_1_610' title='bbox 339 3281 424 3315; x_wconf 87' lang='lat' dir='ltr'>Her.</span> <span class='ocrx_word' id='word_1_611' title='bbox 452 3282 496 3327; x_wconf 92' lang='lat' dir='ltr'>V,</span> <span class='ocrx_word' id='word_1_612' title='bbox 522 3282 570 3317; x_wconf 88' lang='lat'>38</span> <span class='ocrx_word' id='word_1_613' title='bbox 681 3308 687 3317; x_wconf 94' lang='lat'>.</span> <span class='ocrx_word' id='word_1_614' title='bbox 789 3308 794 3314; x_wconf 92' lang='lat'>.</span> <span class='ocrx_word' id='word_1_615' title='bbox 896 3308 902 3315; x_wconf 92' lang='lat'>.</span> <span class='ocrx_word' id='word_1_616' title='bbox 1004 3309 1010 3316; x_wconf 96' lang='lat'>.</span> <span class='ocrx_word' id='word_1_617' title='bbox 1112 3308 1117 3314; x_wconf 96' lang='lat'>.</span> <span class='ocrx_word' id='word_1_618' title='bbox 1220 3309 1227 3316; x_wconf 92' lang='lat'>.</span> <span class='ocrx_word' id='word_1_619' title='bbox 1296 3282 1341 3316; x_wconf 83' lang='lat'>19</span> <span class='ocrx_word' id='word_1_620' title='bbox 1637 3283 1723 3319; x_wconf 86' lang='lat' dir='ltr'>Her.</span> <span class='ocrx_word' id='word_1_621' title='bbox 1750 3283 1798 3328; x_wconf 86' lang='lat' dir='ltr'>X,</span> <span class='ocrx_word' id='word_1_622' title='bbox 1825 3283 1871 3317; x_wconf 76' lang='lat'>26</span> <span class='ocrx_word' id='word_1_623' title='bbox 1978 3310 1985 3317; x_wconf 93' lang='lat'>.</span> <span class='ocrx_word' id='word_1_624' title='bbox 2086 3309 2093 3316; x_wconf 92' lang='lat'>.</span> <span class='ocrx_word' id='word_1_625' title='bbox 2194 3309 2201 3317; x_wconf 94' lang='lat'>.</span> <span class='ocrx_word' id='word_1_626' title='bbox 2302 3309 2307 3315; x_wconf 96' lang='lat'>.</span> <span class='ocrx_word' id='word_1_627' title='bbox 2408 3309 2415 3316; x_wconf 96' lang='lat'>.</span> <span class='ocrx_word' id='word_1_628' title='bbox 2517 3310 2523 3315; x_wconf 94' lang='lat'>.</span> <span class='ocrx_word' id='word_1_629' title='bbox 2593 3282 2637 3315; x_wconf 81' lang='lat'>19</span> 
     </span>
    </p>
   </div>
  </div>
 </body>
</html>
