3030 3723
2360 0 2433 25 7³⁵1
2462 7 2483 24 '⁴¹
2504 0 2528 33 ἰξ-
2540 0 2722 38 ψξῗῗᾌ-ἳῖἱῖ
2736 0 2884 48 Ῑῦζέψρὓψῑνξ

2542 35 2557 50 s‘
2648 34 2654 49 9
2704 41 2707 43 “
2769 36 2776 40 “
2801 38 2807 48 V
2842 35 2854 43 '‘

249 87 358 164 'e

330 241 539 287 omnibus
564 242 772 299 periculis
802 246 845 286 et
876 242 1211 299 calamitatibus,
1241 258 1359 301 quas
1387 249 1438 288 tu
1468 244 1578 290 mihi
1606 247 1796 302 tectoque
1819 248 2068 305 aninmqm
2083 253 2311 307 mesphaa
2320 253 2376 305 (v
2381 250 2509 309 ss),
2518 253 2565 296 ἐ
2590 240 2709 295 unic
2775 275 2777 277 ·

330 312 509 357 Medeae
540 315 737 358 coniunx
752 315 911 358 factus
950 315 1169 360 intulistis
1223 316 1320 360 Non
1348 330 1438 372 ego
1470 316 1684 360 debebam
1721 316 1907 374 hospitio
1938 324 1995 363 te
2008 324 2225 379 excipere,
2264 324 2340 367 sed
2378 322 2655 381 presbb-*3
2662 321 2709 364 id

322 385 462 441 quod
467 387 619 442 Ριιιιιο
646 385 777 428 mihi
787 390 973 430 eertum
986 392 1095 433 em·
1090 388 1265 442 &facere
1297 401 1396 433 cum
1420 387 1610 432 fortibus
1633 388 1849 433 Lemniis·
1860 385 2122 436 mulieribus
2135 395 2365 466 impedire,
2394 397 2452 441 n'e
2479 396 2621 443 utris
2631 398 2707 438 tun

328 457 406 502 ιιι·
413 458 623 502 :insulam
650 461 846 502 nostram
883 459 1203 517 appellaretur-J
1245 460 1326 503 Sic
1364 461 1453 503 vita
1490 474 1587 504 mea
1622 461 1786 507 tuenda
1813 461 1926 505 furit
1937 472 2000 498 ‘—-·-‘'·
2012 472 2130 508 now·
2140 461 2207 509 ἐι
2211 468 2286 512 vii
2297 472 2375 511 otu
2348 468 2554 524 narnia,
2544 467 2655 512 ιιοιι
2675 480 2710 511 ο

327 530 585 584 calamitate,
617 544 643 571 a
673 531 817 573 mariti
847 531 1057 587 peffidi‘a.
1066 531 1132 570 1--
1140 531 1313 586 Restat,
1345 532 1411 586 ιιι,
1443 533 1559 588 quod
1590 534 1716 576 lectio
1725 541 1883 590 quam
1887 532 2130 578 defendere
2142 540 2345 583 onnam
2351 552 2453 583 sum
2470 541 2535 588 in
2548 540 2709 597 optimo

327 601 475 659 codice
507 615 533 643 a
565 615 700 644 manu
740 603 937 645 secunda
968 607 1144 645 exarata
1184 607 1267 658 est,
1307 617 1393 646 non
1435 617 1545 656 0880,
1586 618 1665 647 cur
1704 618 1849 648 veram
1880 609 1923 648 et
1952 606 2187 662 genuinam
2225 619 2321 663 eam
2355 623 2583 668 negemus,
2603 623 2708 666 esse,

326 672 549 717 affirmem.
600 674 671 716 Ex
703 675 894 717 editione
918 674 1184 718 Heroidum
1193 676 1544 732 Sedimayeriana
1574 679 1814 734 perspicere
1843 678 1958 721 licet
1973 678 2128 722 multis
2151 674 2287 730 Iocis*
2287 674 2449 729 bomani
2453 676 2708 743 ‘vulgatam-

327 760 413 802 que
444 747 674 807 lectionem
714 748 1081 804 Guelpherbytani
1119 749 1398 806 aliorumque
1428 750 1639 794 librorum
1661 751 1739 794 :··in
1746 751 1976 795 Parisino
1981 748 2122 796 falsae
2158 752 2330 796 lectioni
2337 753 2524 845 primae
2553 769 2708 845 manus

325 823 402 861 aut
433 821 767 876 superscriptam
800 825 875 863 aut
906 822 1175 864 connectione
1201 835 1248 863 a
1257 834 1391 903 manu
1422 823 1612 866 secunda
1641 821 1883 867 restitutam
1912 823 2017 867 esse.
2100 840 2102 850 ²
2134 836 2139 843 ·
2176 831 2281 861 *ὑπ’
2421 827 2463 855 ”ἴ’
2563 835 2569 847 ¹

498 986 501 988 ’
546 989 643 1032 VII
676 989 734 1032 33
761 1000 836 1049 sq.
908 989 1004 1031 Aut
1034 1003 1107 1045 090
1139 1001 1250 1046 quae
1281 989 1403 1046 coepi
1435 1015 1489 1020 —
1523 1003 1662 1052 neque
1693 990 1812 1033 enim
1843 976 2061 1047 ἀεάί9πον
2085 1018 2140 1023 -
2166 992 2334 1065 amre,

1026 1060 1265 1119 Materiam
1296 1075 1429 1105 curae
1453 1062 1659 1136 praebeat
1688 1062 1761 1105 elle
1791 1065 1922 1106 meae.
2025 1072 2026 1075 ’
2123 1061 2142 1083 ·¹
2246 1080 2247 1083 ¹

327 1143 454 1205 Hanc
487 1145 713 1188 lectionem
745 1144 798 1188 ab
832 1146 1003 1203 optimis
1034 1127 1157 1203 libris
1187 1146 1387 1193 traditam
1421 1134 1618 1191 vitiosam
1651 1162 1743 1191 esse
1774 1135 1887 1198 inter
1917 1131 2065 1191 omnes
2097 1148 2272 1208 constat.
2336 1131 2475 1217 Quam
2507 1152 2562 1193 ιιι
2574 1126 2706 1207 ἐωμ-

323 1202 439 1271 rent,
473 1218 552 1260 viri
586 1217 700 1260 docti
733 1217 924 1273 diversas
957 1220 1049 1261 vias
1080 1220 1262 1285 ingressi
1294 1224 1407 1261 sunt.
1458 1220 1541 1262 Sed
1573 1226 1673 1284 cum
1705 1220 1883 1265 nullam
1902 1208 2076 1283 videam
2097 1204 2446 1279 emendationem
2462 1216 2593 1267 huius
2623 1224 2706 1271 loci

322 1290 475 1335 'ceteris
508 1290 611 1333 viris
644 1290 781 1335 doctis
813 1291 994 1348 placere,
1026 1305 1180 1334 novam
1214 1291 1352 1355 audeo
1384 1280 1552 1335 adicere
1584 1289 1645 1335 eis
1679 1298 1790 1354 quae
1820 1293 1919 1356 iam
1936 1293 2127 1353 prolatae
2159 1293 2271 1337 sunt.
2327 1295 2428 1348 Iure
2460 1291 2571 1337 enim
2606 1309 2706 1341 con-

322 1347 590 1404 iunctionem
622 1348 704 1404 aut
739 1362 899 1416 Birtius
931 1363 1115 1406 affirmat
1136 1376 1277 1407 sensu
1309 1377 1469 1418 carere,
1502 1377 1580 1407 nec
1612 1368 1754 1407 tamen
1787 1377 1844 1438 ea
1854 1356 1979 1421 quae
2002 1363 2242 1423 praeterea
2257 1366 2330 1409 ille
2357 1356 2567 1443 proponit
2583 1368 2706 1424 sequi

322 1427 511 1489 possum
576 1434 831 1491 Suspicatur
861 1435 1026 1489 Bittius
1059 1417 1263 1489 Ovidium
1296 1438 1539 1492 scripsisse:

904 1519 1019 1562 Ante
1051 1534 1130 1576 090
1157 1534 1269 1575 quae
1300 1534 1420 1577 coepe
1449 1546 1503 1550 —
1531 1534 1669 1576 neque
1700 1535 1821 1563 emm
1852 1494 2062 1587 dedique}
2083 1495 2142 1553 {·—
2159 1535 2391 1586 amare,

1024 1592 1264 1635 Materiam
1295 1606 1426 1635 curae
1451 1592 1658 1648 praebeat
1687 1593 1759 1635 ille
1790 1607 1920 1636 meae.

322 1675 387 1717 Ne
410 1676 529 1717 hanc
563 1677 739 1731 quidem
772 1678 1009 1719 sententiae
1041 1677 1417 1719 conformationem
1451 1678 1555 1718 mihi
1587 1678 1757 1733 placere
1785 1677 2001 1732 confiteor,
2032 1679 2244 1733 quamvis
2261 1679 2370 1720 lenis
2401 1679 2492 1734 ipsa
2524 1679 2703 1724 mutatio

320 1749 375 1789 sit
419 1749 539 1802 (ante
564 1762 652 1805 pro
686 1750 815 1804 aut),·
856 1749 1054 1807 displicet
1094 1751 1247 1804 etiam,
1281 1749 1398 1805 quod
1439 1750 1692 1794 sententiam
1732 1750 1951 1792 relativam
1980 1764 2100 1806 quae
2130 1764 2212 1807 eqo
2233 1750 2292 1797 ad
2319 1763 2556 1808 pronomen
2586 1765 2705 1795 meae

320 1822 368 1861 in
401 1821 487 1862 fine
525 1823 776 1877 pentametri
817 1823 1006 1878 positum
1037 1824 1250 1879 pertinere
1282 1822 1386 1863 vult„
1459 1822 1701 1864 Audaciore
1740 1823 1868 1881 paulo
1907 1823 2011 1865 mihi
2049 1836 2161 1879 opus
2195 1824 2367 1867 videtur
2398 1824 2705 1878 emendatione,

319 1905 369 1933 ac
400 1905 619 1949 propono:
2103 1931 2105 1935 ,
2306 1940 2310 1946 ¹

837 1991 839 1993 -
902 1966 1045 2007 Ante
1076 1978 1343 2021 e90‚quam
1375 1966 1496 2021 eoept'
1522 1990 1577 2001 .——
1607 1979 1743 2021 neque
1774 1966 1894 2007 enim
1925 1966 2135 2021 dediynor
2166 1991 2221 2007 —‚
2245 1979 2414 2021 amare,

1023 2037 1261 2080 Materiam
1293 2052 1423 2080 aurae
1449 2037 1717 2093 praebuit
1746 2037 1818 2080 ille
1848 2053 1979 2080 meae.

319 2121 435 2164 Ante
480 2122 613 2176 igitur
657 2136 755 2164 cum
804 2122 937 2164 Birtio
981 2126 1085 2177 puto
1135 2121 1410 2163 scribendum
1453 2135 1564 2163 esse:
1618 2122 1757 2163 littera
1801 2136 1822 2163 e
1864 2125 1963 2163 ante
2006 2136 2078 2176 090
2119 2123 2257 2178 posita
2295 2121 2519 2163 librarium
2558 2122 2703 2164 fallere

318 2193 441 2236 facile
479 2195 637 2250 potuit,
680 2208 791 2249 quae
830 2200 1058 2251 postquam
1100 2195 1292 2248 evanuit,
1334 2194 1426 2236 fieri
1465 2209 1552 2236 non
1592 2195 1748 2250 potuit,
1791 2195 1896 2249 quin
1936 2197 2018 2236 aut
2053 2194 2322 2237 scriberetur.
2396 2193 2521 2237 Hanc
2560 2194 2701 2237 autem

318 2266 668 2309 coniunctionem
711 2267 951 2322 antiquitus
990 2268 1036 2313 in
1078 2266 1310 2309 offensione
1347 2267 1480 2309 fuisse
1520 2281 1619 2309 cum
1653 2268 1690 2309 ei
1724 2267 1892 2309 codices
1934 2267 2088 2310 docent
2127 2268 2203 2322 qui
2233 2270 2364 2322 atque
2396 2267 2571 2321 habent,
2611 2271 2704 2309 tum

318 2340 410 2394 ipse
434 2338 676 2392 Parisinus,
702 2340 748 2382 in
776 2352 862 2394 quo
888 2340 1181 2383 coniunctioni
1207 2342 1288 2382 aut
1313 2353 1338 2382 a
1363 2353 1501 2382 manuv
1519 2340 1657 2395 prima
1682 2342 1722 2382 et
1747 2339 2085 2395 superscriptum
2111 2343 2193 2393 est,
2219 2343 2260 2382 et
2286 2328 2702 2394 Guelpherbytanus.

316 2410 408 2455 Iam
444 2425 544 2455 vero
584 2426 683 2455 cum
723 2413 827 2454 ante
867 2413 1130 2466 evanuisset,
1172 2427 1308 2467 quam
1348 2415 1449 2454 non'
1477 2418 1540 2455 est
1580 2412 1864 2466 intellectum,
1904 2426 2005 2468 ergo
2046 2417 2121 2454 aut
2148 2413 2206 2455 ..in
2237 2426 2349 2467 quae
2388 2416 2601 2454 mutatum
2640 2415 2704 2454 est

317 2485 508 2540 (propter
538 2498 612 2539 090
648 2509 700 2515 -
736 2485 799 2526 sic
832 2485 877 2527 in
918 2484 1116 2540 plurimis
1158 2485 1307 2538 eisque
1347 2485 1724 2539 praestantissimis
1766 2483 1903 2538 libris)
1944 2488 2019 2526 aut
2049 2484 2094 2526 in
2126 2498 2261 2539 quem·
2287 2485 2476 2539 (propter
2504 2483 2577 2525 ille
2597 2496 2703 2539 ·pro-

318 2568 477 2598 nomen
520 2556 635 2611 quod
678 2556 911 2611 sequitur),
953 2570 1064 2611 quae
1104 2557 1229 2598 lectio
1270 2555 1541 2611 vulgabatur.
1614 2555 1722 2598 Cum
1754 2560 1898 2597 autem
1938 2556 2242 2598 coniunctione
2270 2559 2354 2598 aut
2383 2556 2464 2597 hoc
2489 2555 2703 2597 distichon

316 2629 448 2685 priori
475 2614 712 2672 ‘enuntiato
744 2628 902 2670 castr-is
934 2628 1095 2670 militet
1125 2628 1197 2670 ille
1230 2628 1320 2669 tuis
1359 2629 1679 2684 adiungeretur,
1720 2642 1893 2670 necesse
1925 2633 2022 2670 erat.
2044 2629 2189 2670 etiam-
2214 2643 2252 2669 v.
2288 2630 2346 2670 34
2363 2615 2703 2675 ,οοιιιιιιιοιῑινιιιῐι

316 2703 552 2757 praesentis
578 2701 788 2756 praebeat
817 2715 895 2756 pro
927 2702 1159 2743 indicativo
1200 2703 1373 2756 perfecti
1414 2703 1527 2756 poni.
1607 2702 1753 2745 Unum
1792 2703 1924 2757 igitur
1954 2702 2118 2742 librarii
2157 2712 2343 2768 errorem
2374 2705 2456 2741 aut
2494 2711 2577 2756 pro
2600 2703 2703 2740 ante

316 2776 498 2828 legentis
530 2775 640 2816 duae
673 2776 782 2816 aliae
813 2776 1072 2816 mutationes
1104 2790 1240 2828 paene
1271 2777 1540 2817 necessariae
1571 2778 1743 2815 secutae
1774 2781 1885 2815 sunt.
1961 2775 2011 2814 Id
2045 2780 2187 2815 autem
2217 2776 2373 2814 iterum
2405 2773 2576 2814 affirmo
2603 2787 2703 2813 con-

315 2847 527 2890 iunctioni
553 2850 635 2890 aut
658 2847 800 2891 locum
828 2862 915 2890 non
942 2861 1052 2900 esse,
1086 2862 1195 2903 quae
1222 2847 1328 2902 quid
1355 2847 1437 2889 sibi
1464 2847 1567 2890 velit
1592 2847 1793 2903 equidem
1820 2861 1906 2889 non
1933 2847 2147 2902 intellego,
2173 2847 2381 2901 quamvis.
2398 2845 2702 2899 Sedlmayer'us

316 2922 561 2976 (comment.
594 2922 683 2963 crit..
717 2935 755 2976 p.
782 2922 856 2972 27)
890 2920 1141 2976 simpliciter
1171 2921 1315 2962 locum
1348 2920 1552 2975 explicari
1584 2934 1709 2975 posse
1741 2924 1914 2963 censeat
1944 2920 1994 2962 cl.
2022 2921 2118 2961 Am.
2145 2919 2185 2972 Ι,
2211 2922 2258 2973 3,
2284 2921 2311 2961 2
2343 2921 2425 2960 aut
2454 2922 2581 2971 amet,
2622 2921 2704 2960 aut

314 2991 466 3047 faeiat,
500 3006 582 3035 eur
606 3006 679 3046 090
710 3006 881 3047 semper
905 3007 1062 3035 amem.
1095 3019 1148 3024 —
1184 2989 1304 3042 Quae
1323 2992 1547 3035 sententia
1579 2993 1633 3034 sit
1663 2993 1757 3035 eius
1790 3007 1921 3046 quam
1952 2991 2156 3047 proposui
2189 2993 2476 3045 coniecturae,
2508 2995 2701 3046 apertum

315 3070 415 3108 est·
453 3063 566 3107 Dido
606 3064 709 3106 dicit
749 3080 898 3107 suum.
924 3079 1130 3119 amorem,
1175 3066 1308 3107 cuius
1339 3079 1385 3107 se
1423 3080 1509 3107 non
1552 3066 1728 3121 pudeat,
1773 3079 1916 3106 amore
1954 3066 2126 3107 Aeneae
2163 3079 2209 3107 se
2246 3066 2429 3121 petentis
2456 3065 2702 3107 ·excitatmn

315 3153 425 3181 esse:
480 3140 630 3195 itaque
670 3140 764 3181 iure
804 3139 1028 3194 perfidiam
1079 3141 1275 3194 queritur
1325 3140 1497 3181 Aeneae
1550 3139 1586 3181 θ.
1623 3140 1682 3181 30
1739 3138 1823 3179 Sed
1861 3153 2021 3193 queror
2056 3138 2257 3193 infidum
2296 3141 2534 3193 questaque
2569 3137 2701 3193 peius

314 3226 438 3261 amo;
482 3226 549 3254 vv.
578 3214 634 3253 57
669 3226 730 3268 sq.
770 3211 859 3255 Nee
897 3212 1081 3253 tiolasse
1117 3212 1251 3266 fidem
1292 3210 1610 3271 temptantibus
1647 3225 1839 3270 aequora
1870 3212 2075 3310 prodeat:
2110 3199 2349 3266 Perfidiae
2361 3224 2537 3267 poenas
2567 3210 2703 3306 eoeiyit

314 3284 388 3328 ille
425 3285 557 3328 lomes}
