<?xml version="1.0" encoding="UTF-8"?>
<!DOCTYPE html PUBLIC "-//W3C//DTD XHTML 1.0 Transitional//EN"
    "http://www.w3.org/TR/xhtml1/DTD/xhtml1-transitional.dtd">
<html xmlns="http://www.w3.org/1999/xhtml" xml:lang="en" lang="en">
 <head>
  <title>
</title>
<meta http-equiv="Content-Type" content="text/html;charset=utf-8" />
  <meta name='ocr-system' content='tesseract 3.04.00' />
  <meta name='ocr-capabilities' content='ocr_page ocr_carea ocr_par ocr_line ocrx_word'/>
</head>
<body>
  <div class='ocr_page' id='page_1' title='image "./4777081_0028.png"; bbox 0 0 3030 3723; ppageno 0'>
   <div class='ocr_carea' id='block_1_1' title="bbox 361 151 416 197">
    <p class='ocr_par' dir='ltr' id='par_1_1' title="bbox 361 151 416 197">
     <span class='ocr_line' id='line_1_1' title="bbox 361 151 416 197; baseline 0 0"><span class='ocrx_word' id='word_1_1' title='bbox 361 151 416 197; x_wconf 83' lang='lat'>18</span> 
     </span>
    </p>
   </div>
   <div class='ocr_carea' id='block_1_2' title="bbox 1345 273 1766 365">
    <p class='ocr_par' dir='ltr' id='par_1_2' title="bbox 1345 273 1766 365">
     <span class='ocr_line' id='line_1_2' title="bbox 1345 273 1766 365; baseline 0 -19"><span class='ocrx_word' id='word_1_2' title='bbox 1345 273 1623 365; x_wconf 73' lang='lat' dir='ltr'>Caput</span> <span class='ocrx_word' id='word_1_3' title='bbox 1675 273 1766 346; x_wconf 89' lang='lat'>11.</span> 
     </span>
    </p>
   </div>
   <div class='ocr_carea' id='block_1_3' title="bbox 355 441 2806 789">
    <p class='ocr_par' dir='ltr' id='par_1_3' title="bbox 355 441 2806 789">
     <span class='ocr_line' id='line_1_3' title="bbox 575 441 2742 503; baseline 0.004 -21"><span class='ocrx_word' id='word_1_4' title='bbox 575 441 713 485; x_wconf 91' lang='lat' dir='ltr'>Venio</span> <span class='ocrx_word' id='word_1_5' title='bbox 747 442 798 484; x_wconf 85' lang='lat' dir='ltr'>ad</span> <span class='ocrx_word' id='word_1_6' title='bbox 833 443 1009 486; x_wconf 85' lang='lat' dir='ltr'>alteram</span> <span class='ocrx_word' id='word_1_7' title='bbox 1041 451 1203 500; x_wconf 84' lang='lat' dir='ltr'>partem</span> <span class='ocrx_word' id='word_1_8' title='bbox 1246 443 1547 498; x_wconf 82' lang='lat' dir='ltr'>disputationis</span> <span class='ocrx_word' id='word_1_9' title='bbox 1591 457 1724 497; x_wconf 82' lang='lat' dir='ltr'>meae,</span> <span class='ocrx_word' id='word_1_10' title='bbox 1770 458 1854 499; x_wconf 84' lang='lat' dir='ltr'>qua</span> <span class='ocrx_word' id='word_1_11' title='bbox 1894 445 1998 487; x_wconf 85' lang='lat' dir='ltr'>mihi</span> <span class='ocrx_word' id='word_1_12' title='bbox 2038 450 2302 503; x_wconf 89' lang='lat' dir='ltr'>propositum</span> <span class='ocrx_word' id='word_1_13' title='bbox 2347 455 2411 493; x_wconf 87' lang='lat' dir='ltr'>est</span> <span class='ocrx_word' id='word_1_14' title='bbox 2453 450 2742 493; x_wconf 85' lang='lat' dir='ltr'>demonstrare</span> 
     </span>
     <span class='ocr_line' id='line_1_4' title="bbox 355 514 2742 576; baseline 0.004 -20"><span class='ocrx_word' id='word_1_15' title='bbox 355 514 560 556; x_wconf 83' lang='lat' dir='ltr'>lectiones</span> <span class='ocrx_word' id='word_1_16' title='bbox 587 515 736 569; x_wconf 87' lang='lat' dir='ltr'>optimi</span> <span class='ocrx_word' id='word_1_17' title='bbox 762 530 811 558; x_wconf 87' lang='lat' dir='ltr'>ae</span> <span class='ocrx_word' id='word_1_18' title='bbox 837 517 1118 559; x_wconf 88' lang='lat' dir='ltr'>vetustissimi</span> <span class='ocrx_word' id='word_1_19' title='bbox 1146 515 1305 558; x_wconf 82' lang='lat' dir='ltr'>codicis</span> <span class='ocrx_word' id='word_1_20' title='bbox 1333 515 1518 559; x_wconf 86' lang='lat' dir='ltr'>Parisini</span> <span class='ocrx_word' id='word_1_21' title='bbox 1538 517 1654 560; x_wconf 87' lang='grc'><strong>8242</strong></span> <span class='ocrx_word' id='word_1_22' title='bbox 1682 518 1851 572; x_wconf 83' lang='lat' dir='ltr'>saepius</span> <span class='ocrx_word' id='word_1_23' title='bbox 1879 530 1972 561; x_wconf 88' lang='lat' dir='ltr'>esse</span> <span class='ocrx_word' id='word_1_24' title='bbox 1998 519 2243 563; x_wconf 85' lang='lat' dir='ltr'>retinendas</span> <span class='ocrx_word' id='word_1_25' title='bbox 2271 535 2399 576; x_wconf 89' lang='lat' dir='ltr'>quam</span> <span class='ocrx_word' id='word_1_26' title='bbox 2426 522 2478 566; x_wconf 86' lang='lat' dir='ltr'>ab</span> <span class='ocrx_word' id='word_1_27' title='bbox 2506 522 2742 566; x_wconf 84' lang='lat' dir='ltr'>editoribus</span> 
     </span>
     <span class='ocr_line' id='line_1_5' title="bbox 355 586 2806 650; baseline 0.004 -23"><span class='ocrx_word' id='word_1_28' title='bbox 355 589 526 628; x_wconf 86' lang='lat' dir='ltr'>nostrae</span> <span class='ocrx_word' id='word_1_29' title='bbox 558 588 725 641; x_wconf 79' lang='lat' dir='ltr'>aetatis,</span> <span class='ocrx_word' id='word_1_30' title='bbox 758 589 885 630; x_wconf 88' lang='lat' dir='ltr'>etiam</span> <span class='ocrx_word' id='word_1_31' title='bbox 919 604 942 630; x_wconf 89' lang='lat' dir='ltr'>a</span> <span class='ocrx_word' id='word_1_32' title='bbox 975 588 1253 641; x_wconf 85' lang='lat' dir='ltr'>Sedlmayero</span> <span class='ocrx_word' id='word_1_33' title='bbox 1285 588 1443 630; x_wconf 85' lang='lat' dir='ltr'>factum</span> <span class='ocrx_word' id='word_1_34' title='bbox 1478 601 1572 631; x_wconf 91' lang='lat' dir='ltr'>esse</span> <span class='ocrx_word' id='word_1_35' title='bbox 1605 589 1739 631; x_wconf 76' lang='lat' dir='ltr'>video,</span> <span class='ocrx_word' id='word_1_36' title='bbox 1792 588 1854 631; x_wconf 89' lang='lat' dir='ltr'>De</span> <span class='ocrx_word' id='word_1_37' title='bbox 1889 603 1974 644; x_wconf 87' lang='lat' dir='ltr'>qua</span> <span class='ocrx_word' id='word_1_38' title='bbox 2007 603 2052 632; x_wconf 89' lang='lat' dir='ltr'>re</span> <span class='ocrx_word' id='word_1_39' title='bbox 2084 595 2178 646; x_wconf 91' lang='lat' dir='ltr'>post</span> <span class='ocrx_word' id='word_1_40' title='bbox 2211 592 2442 636; x_wconf 81' lang='lat' dir='ltr'>editionem</span> <span class='ocrx_word' id='word_1_41' title='bbox 2476 594 2741 650; x_wconf 76' lang='lat' dir='ltr'>Sedlmayeri</span> <span class='ocrx_word' id='word_1_42' title='bbox 2803 586 2806 590; x_wconf 57' lang='grc'><strong>’</strong></span> 
     </span>
     <span class='ocr_line' id='line_1_6' title="bbox 356 658 2741 723; baseline 0.003 -23"><span class='ocrx_word' id='word_1_43' title='bbox 356 658 429 700; x_wconf 90' lang='lat' dir='ltr'>alii</span> <span class='ocrx_word' id='word_1_44' title='bbox 462 658 545 701; x_wconf 86' lang='lat' dir='ltr'>alia</span> <span class='ocrx_word' id='word_1_45' title='bbox 585 659 844 703; x_wconf 83' lang='lat' dir='ltr'>attulerunt:</span> <span class='ocrx_word' id='word_1_46' title='bbox 891 661 981 716; x_wconf 90' lang='lat' dir='ltr'>ipse</span> <span class='ocrx_word' id='word_1_47' title='bbox 1021 663 1185 715; x_wconf 84' lang='lat' dir='ltr'>partem</span> <span class='ocrx_word' id='word_1_48' title='bbox 1219 673 1365 702; x_wconf 86' lang='lat' dir='ltr'>eorum</span> <span class='ocrx_word' id='word_1_49' title='bbox 1410 673 1520 716; x_wconf 80' lang='lat' dir='ltr'>quae</span> <span class='ocrx_word' id='word_1_50' title='bbox 1563 662 1838 717; x_wconf 83' lang='lat' dir='ltr'>expositurus</span> <span class='ocrx_word' id='word_1_51' title='bbox 1871 675 1966 704; x_wconf 88' lang='lat' dir='ltr'>sum</span> <span class='ocrx_word' id='word_1_52' title='bbox 2000 661 2185 705; x_wconf 86' lang='lat' dir='ltr'>breviter</span> <span class='ocrx_word' id='word_1_53' title='bbox 2216 664 2299 705; x_wconf 86' lang='lat' dir='ltr'>iam</span> <span class='ocrx_word' id='word_1_54' title='bbox 2334 666 2455 721; x_wconf 79' lang='lat' dir='ltr'>attigi</span> <span class='ocrx_word' id='word_1_55' title='bbox 2487 671 2564 711; x_wconf 84' lang='lat' dir='ltr'>act.</span> <span class='ocrx_word' id='word_1_56' title='bbox 2597 666 2741 723; x_wconf 90' lang='lat' dir='ltr'>philol.</span> 
     </span>
     <span class='ocr_line' id='line_1_7' title="bbox 355 730 2540 789; baseline 0.003 -18"><span class='ocrx_word' id='word_1_57' title='bbox 355 730 577 786; x_wconf 87' lang='lat' dir='ltr'>(Gotting.)</span> <span class='ocrx_word' id='word_1_58' title='bbox 611 736 711 775; x_wconf 87' lang='lat' dir='ltr'>tom.</span> <span class='ocrx_word' id='word_1_59' title='bbox 739 731 846 773; x_wconf 88' lang='lat' dir='ltr'>XVI</span> <span class='ocrx_word' id='word_1_60' title='bbox 873 745 939 786; x_wconf 90' lang='lat' dir='ltr'>pp.</span> <span class='ocrx_word' id='word_1_61' title='bbox 967 732 1055 774; x_wconf 85' lang='lat'>402</span> <span class='ocrx_word' id='word_1_62' title='bbox 1083 745 1194 787; x_wconf 88' lang='lat' dir='ltr'>sqq.,</span> <span class='ocrx_word' id='word_1_63' title='bbox 1228 745 1313 787; x_wconf 90' lang='lat' dir='ltr'>quo</span> <span class='ocrx_word' id='word_1_64' title='bbox 1347 732 1642 787; x_wconf 75' lang='lat' dir='ltr'>compluribus</span> <span class='ocrx_word' id='word_1_65' title='bbox 1675 734 1780 775; x_wconf 77' lang='lat' dir='ltr'>locis</span> <span class='ocrx_word' id='word_1_66' title='bbox 1813 734 2143 789; x_wconf 85' lang='lat' dir='ltr'>disputationem</span> <span class='ocrx_word' id='word_1_67' title='bbox 2177 748 2314 776; x_wconf 85' lang='lat' dir='ltr'>meam</span> <span class='ocrx_word' id='word_1_68' title='bbox 2349 737 2540 778; x_wconf 86' lang='lat' dir='ltr'>referam.</span> 
     </span>
    </p>
   </div>
   <div class='ocr_carea' id='block_1_4' title="bbox 354 838 2744 1329">
    <p class='ocr_par' dir='ltr' id='par_1_4' title="bbox 354 838 2744 1329">
     <span class='ocr_line' id='line_1_8' title="bbox 575 838 2232 896; baseline 0.001 -14"><span class='ocrx_word' id='word_1_69' title='bbox 575 839 628 882; x_wconf 95' lang='lat' dir='ltr'>II</span> <span class='ocrx_word' id='word_1_70' title='bbox 662 839 718 882; x_wconf 80' lang='grc'>47</span> <span class='ocrx_word' id='word_1_71' title='bbox 938 838 1278 894; x_wconf 69' lang='lat' dir='ltr'>Renm&#39;ye&#39;umque</span> <span class='ocrx_word' id='word_1_72' title='bbox 1309 839 1418 891; x_wconf 62' lang='lat' dir='ltr'>«ledi,</span> <span class='ocrx_word' id='word_1_73' title='bbox 1453 856 1477 894; x_wconf 80' lang='lat' dir='ltr'><em>q</em></span> <span class='ocrx_word' id='word_1_74' title='bbox 1492 853 1519 880; x_wconf 71' lang='grc' dir='ltr'>ι(</span> <span class='ocrx_word' id='word_1_75' title='bbox 1533 841 1597 881; x_wconf 83' lang='lat' dir='ltr'>od</span> <span class='ocrx_word' id='word_1_76' title='bbox 1630 855 1695 882; x_wconf 78' lang='lat' dir='ltr'>me</span> <span class='ocrx_word' id='word_1_77' title='bbox 1726 841 1959 896; x_wconf 70' lang='lat' dir='ltr'>fnye&#39;tetrus</span> <span class='ocrx_word' id='word_1_78' title='bbox 1992 841 2232 884; x_wconf 62' lang='lat' dir='ltr'>haberes.</span> 
     </span>
     <span class='ocr_line' id='line_1_9' title="bbox 355 910 2744 971; baseline 0.003 -18"><span class='ocrx_word' id='word_1_79' title='bbox 355 910 475 953; x_wconf 80' lang='lat' dir='ltr'>Haec</span> <span class='ocrx_word' id='word_1_80' title='bbox 509 917 550 953; x_wconf 88' lang='lat' dir='ltr'>et</span> <span class='ocrx_word' id='word_1_81' title='bbox 582 912 768 953; x_wconf 89' lang='lat' dir='ltr'>Parisini</span> <span class='ocrx_word' id='word_1_82' title='bbox 802 916 842 953; x_wconf 89' lang='lat' dir='ltr'>et</span> <span class='ocrx_word' id='word_1_83' title='bbox 877 912 1245 966; x_wconf 75' lang='lat' dir='ltr'>Guelpherbytani</span> <span class='ocrx_word' id='word_1_84' title='bbox 1280 913 1404 960; x_wconf 32' lang='lat' dir='ltr'>lecti-o</span> <span class='ocrx_word' id='word_1_85' title='bbox 1447 926 1576 966; x_wconf 85' lang='lat' dir='ltr'>quam</span> <span class='ocrx_word' id='word_1_86' title='bbox 1611 914 1663 954; x_wconf 89' lang='lat' dir='ltr'>ob</span> <span class='ocrx_word' id='word_1_87' title='bbox 1698 927 1786 956; x_wconf 87' lang='lat' dir='ltr'>rem</span> <span class='ocrx_word' id='word_1_88' title='bbox 1822 917 1947 956; x_wconf 88' lang='lat' dir='ltr'>etiam</span> <span class='ocrx_word' id='word_1_89' title='bbox 1982 929 2004 957; x_wconf 84' lang='lat' dir='ltr'>a</span> <span class='ocrx_word' id='word_1_90' title='bbox 2038 917 2244 957; x_wconf 85' lang='lat' dir='ltr'>sententia</span> <span class='ocrx_word' id='word_1_91' title='bbox 2279 917 2414 971; x_wconf 82' lang='lat' dir='ltr'>magis</span> <span class='ocrx_word' id='word_1_92' title='bbox 2446 917 2549 958; x_wconf 89' lang='lat' dir='ltr'>mihi</span> <span class='ocrx_word' id='word_1_93' title='bbox 2581 917 2744 971; x_wconf 83' lang='lat' dir='ltr'>placeat</span> 
     </span>
     <span class='ocr_line' id='line_1_10' title="bbox 357 984 1587 1039; baseline 0.001 -14"><span class='ocrx_word' id='word_1_94' title='bbox 357 998 488 1039; x_wconf 87' lang='lat' dir='ltr'>quam</span> <span class='ocrx_word' id='word_1_95' title='bbox 523 984 752 1026; x_wconf 87' lang='lat' dir='ltr'>Etonensis</span> <span class='ocrx_word' id='word_1_96' title='bbox 786 989 826 1025; x_wconf 89' lang='lat' dir='ltr'>et</span> <span class='ocrx_word' id='word_1_97' title='bbox 860 984 1119 1025; x_wconf 83' lang='lat' dir='ltr'>deteriorum</span> <span class='ocrx_word' id='word_1_98' title='bbox 1156 984 1360 1025; x_wconf 88' lang='lat' dir='ltr'>librorum</span> <span class='ocrx_word' id='word_1_99' title='bbox 1396 985 1587 1026; x_wconf 87' lang='lat' dir='ltr'>omnium</span> 
     </span>
     <span class='ocr_line' id='line_1_11' title="bbox 937 1056 2088 1113; baseline 0.003 -15"><span class='ocrx_word' id='word_1_100' title='bbox 937 1056 1274 1112; x_wconf 29' lang='lat' dir='ltr'>Remelqe&#39;ecmth</span> <span class='ocrx_word' id='word_1_101' title='bbox 1306 1057 1415 1110; x_wconf 76' lang='lat' dir='ltr'>dedi,</span> <span class='ocrx_word' id='word_1_102' title='bbox 1450 1071 1536 1113; x_wconf 77' lang='lat' dir='ltr'>qno</span> <span class='ocrx_word' id='word_1_103' title='bbox 1572 1072 1635 1099; x_wconf 72' lang='lat' dir='ltr'>me</span> <span class='ocrx_word' id='word_1_104' title='bbox 1667 1057 1901 1112; x_wconf 62' lang='lat' dir='ltr'>moion-ns</span> <span class='ocrx_word' id='word_1_105' title='bbox 1933 1059 2088 1113; x_wconf 73' lang='lat' dir='ltr'>abires,</span> 
     </span>
     <span class='ocr_line' id='line_1_12' title="bbox 356 1130 2743 1188; baseline 0 -16"><span class='ocrx_word' id='word_1_106' title='bbox 356 1143 486 1185; x_wconf 87' lang='lat' dir='ltr'>quam</span> <span class='ocrx_word' id='word_1_107' title='bbox 514 1130 698 1172; x_wconf 86' lang='lat' dir='ltr'>editores</span> <span class='ocrx_word' id='word_1_108' title='bbox 726 1134 994 1185; x_wconf 85' lang='lat' dir='ltr'>receperunt,</span> <span class='ocrx_word' id='word_1_109' title='bbox 1029 1130 1051 1172; x_wconf 94' lang='lat' dir='ltr'>l.</span> <span class='ocrx_word' id='word_1_110' title='bbox 1079 1130 1104 1171; x_wconf 91' lang='lat' dir='ltr'>l.</span> <span class='ocrx_word' id='word_1_111' title='bbox 1134 1143 1170 1185; x_wconf 93' lang='lat' dir='ltr'>p.</span> <span class='ocrx_word' id='word_1_112' title='bbox 1201 1131 1286 1173; x_wconf 88' lang='grc'>402</span> <span class='ocrx_word' id='word_1_113' title='bbox 1315 1131 1508 1185; x_wconf 78' lang='lat' dir='ltr'>exposui.</span> <span class='ocrx_word' id='word_1_114' title='bbox 1561 1130 1673 1172; x_wconf 78' lang='lat' dir='ltr'>Hine</span> <span class='ocrx_word' id='word_1_115' title='bbox 1701 1131 1827 1172; x_wconf 83' lang='lat' dir='ltr'>etiam</span> <span class='ocrx_word' id='word_1_116' title='bbox 1855 1133 2155 1187; x_wconf 75' lang='lat' dir='ltr'>corrigendum</span> <span class='ocrx_word' id='word_1_117' title='bbox 2184 1138 2265 1185; x_wconf 90' lang='lat' dir='ltr'>est,</span> <span class='ocrx_word' id='word_1_118' title='bbox 2300 1133 2413 1188; x_wconf 89' lang='lat' dir='ltr'>quod</span> <span class='ocrx_word' id='word_1_119' title='bbox 2440 1132 2743 1185; x_wconf 79' lang='lat' dir='ltr'>Sedlmayerus</span> 
     </span>
     <span class='ocr_line' id='line_1_13' title="bbox 355 1202 2740 1258; baseline 0 -14"><span class='ocrx_word' id='word_1_120' title='bbox 355 1216 504 1244; x_wconf 74' lang='lat' dir='ltr'>oomni.</span> <span class='ocrx_word' id='word_1_121' title='bbox 533 1203 622 1244; x_wconf 86' lang='lat' dir='ltr'>erit.</span> <span class='ocrx_word' id='word_1_122' title='bbox 649 1216 687 1257; x_wconf 93' lang='lat' dir='ltr'>p.</span> <span class='ocrx_word' id='word_1_123' title='bbox 717 1202 786 1255; x_wconf 83' lang='lat'>50,</span> <span class='ocrx_word' id='word_1_124' title='bbox 820 1207 867 1244; x_wconf 87' lang='lat' dir='ltr'>ut</span> <span class='ocrx_word' id='word_1_125' title='bbox 899 1202 1210 1244; x_wconf 80' lang='lat' dir='ltr'>demonstraret</span> <span class='ocrx_word' id='word_1_126' title='bbox 1243 1204 1287 1243; x_wconf 89' lang='lat' dir='ltr'>in</span> <span class='ocrx_word' id='word_1_127' title='bbox 1321 1203 1552 1258; x_wconf 79' lang='lat' dir='ltr'>archetypo</span> <span class='ocrx_word' id='word_1_128' title='bbox 1587 1205 1755 1258; x_wconf 85' lang='lat' dir='ltr'>saepius</span> <span class='ocrx_word' id='word_1_129' title='bbox 1788 1203 1941 1244; x_wconf 68' lang='lat' dir='ltr'>haltere</span> <span class='ocrx_word' id='word_1_130' title='bbox 1968 1210 2008 1246; x_wconf 90' lang='lat' dir='ltr'>et</span> <span class='ocrx_word' id='word_1_131' title='bbox 2033 1204 2153 1245; x_wconf 69' lang='lat' dir='ltr'>(clu&#39;re</span> <span class='ocrx_word' id='word_1_132' title='bbox 2188 1209 2397 1246; x_wconf 87' lang='lat' dir='ltr'>mutatum</span> <span class='ocrx_word' id='word_1_133' title='bbox 2432 1217 2541 1253; x_wconf 84' lang='lat' dir='ltr'>esse,</span> <span class='ocrx_word' id='word_1_134' title='bbox 2576 1205 2627 1245; x_wconf 88' lang='lat' dir='ltr'>de</span> <span class='ocrx_word' id='word_1_135' title='bbox 2660 1205 2740 1245; x_wconf 85' lang='lat' dir='ltr'>hoe</span> 
     </span>
     <span class='ocr_line' id='line_1_14' title="bbox 354 1273 2737 1329; baseline 0.001 -13"><span class='ocrx_word' id='word_1_136' title='bbox 354 1275 447 1316; x_wconf 87' lang='lat' dir='ltr'>loeo</span> <span class='ocrx_word' id='word_1_137' title='bbox 472 1275 652 1329; x_wconf 83' lang='lat' dir='ltr'>scripsit.</span> <span class='ocrx_word' id='word_1_138' title='bbox 700 1274 827 1316; x_wconf 86' lang='lat' dir='ltr'>Nune</span> <span class='ocrx_word' id='word_1_139' title='bbox 852 1273 1101 1316; x_wconf 85' lang='lat' dir='ltr'>Ehwaldius</span> <span class='ocrx_word' id='word_1_140' title='bbox 1127 1288 1301 1329; x_wconf 85' lang='lat' dir='ltr'>quoque</span> <span class='ocrx_word' id='word_1_141' title='bbox 1323 1274 1649 1328; x_wconf 74' lang='lat' dir='ltr'>Sedlmayerum</span> <span class='ocrx_word' id='word_1_142' title='bbox 1674 1276 1829 1316; x_wconf 83' lang='lat' dir='ltr'>iniuria</span> <span class='ocrx_word' id='word_1_143' title='bbox 1855 1290 1878 1316; x_wconf 86' lang='lat' dir='ltr'>a</span> <span class='ocrx_word' id='word_1_144' title='bbox 1903 1276 2049 1318; x_wconf 77' lang='lat' dir='ltr'>codiee</span> <span class='ocrx_word' id='word_1_145' title='bbox 2077 1277 2267 1318; x_wconf 80' lang='lat' dir='ltr'>Parisino</span> <span class='ocrx_word' id='word_1_146' title='bbox 2292 1278 2515 1319; x_wconf 72' lang='lat' dir='ltr'>recessisse</span> <span class='ocrx_word' id='word_1_147' title='bbox 2539 1277 2737 1319; x_wconf 85' lang='lat' dir='ltr'>defendit.</span> 
     </span>
    </p>
   </div>
   <div class='ocr_carea' id='block_1_5' title="bbox 350 1405 2741 2097">
    <p class='ocr_par' dir='ltr' id='par_1_5' title="bbox 571 1405 2174 1461">
     <span class='ocr_line' id='line_1_15' title="bbox 571 1405 2174 1461; baseline -0.001 -14"><span class='ocrx_word' id='word_1_148' title='bbox 571 1405 625 1448; x_wconf 94' lang='lat' dir='ltr'>II</span> <span class='ocrx_word' id='word_1_149' title='bbox 659 1406 720 1447; x_wconf 80' lang='grc'>98</span> <span class='ocrx_word' id='word_1_150' title='bbox 1056 1406 1250 1461; x_wconf 61' lang='grc' dir='ltr'>,,ΙἸι[]Νι’,</span> <span class='ocrx_word' id='word_1_151' title='bbox 1285 1406 1376 1461; x_wconf 71' lang='lat' dir='ltr'>fat·</span> <span class='ocrx_word' id='word_1_152' title='bbox 1408 1411 1597 1461; x_wconf 65' lang='lat' dir='ltr'>aspectos</span> <span class='ocrx_word' id='word_1_153' title='bbox 1636 1407 1963 1461; x_wconf 72' lang='lat' dir='ltr'>Demophoonta</span> <span class='ocrx_word' id='word_1_154' title='bbox 1999 1411 2174 1447; x_wconf 71' lang='lat' dir='ltr'>tmcm.“</span> 
     </span>
    </p>

    <p class='ocr_par' dir='ltr' id='par_1_6' title="bbox 350 1477 2741 2097">
     <span class='ocr_line' id='line_1_16' title="bbox 354 1477 2740 1535; baseline 0 -15"><span class='ocrx_word' id='word_1_155' title='bbox 354 1477 416 1520; x_wconf 84' lang='lat' dir='ltr'>Ita</span> <span class='ocrx_word' id='word_1_156' title='bbox 450 1491 549 1519; x_wconf 78' lang='lat' dir='ltr'>eum</span> <span class='ocrx_word' id='word_1_157' title='bbox 582 1478 704 1519; x_wconf 90' lang='lat' dir='ltr'>multi</span> <span class='ocrx_word' id='word_1_158' title='bbox 741 1478 910 1519; x_wconf 73' lang='lat' dir='ltr'>codices</span> <span class='ocrx_word' id='word_1_159' title='bbox 943 1485 1033 1519; x_wconf 88' lang='lat' dir='ltr'>tum</span> <span class='ocrx_word' id='word_1_160' title='bbox 1071 1478 1290 1519; x_wconf 83' lang='lat' dir='ltr'>Parisinus</span> <span class='ocrx_word' id='word_1_161' title='bbox 1325 1486 1365 1519; x_wconf 87' lang='lat' dir='ltr'>et</span> <span class='ocrx_word' id='word_1_162' title='bbox 1399 1479 1825 1535; x_wconf 69' lang='lat' dir='ltr'>Guelplierbytanus,</span> <span class='ocrx_word' id='word_1_163' title='bbox 1858 1495 1880 1519; x_wconf 83' lang='lat' dir='ltr'>a</span> <span class='ocrx_word' id='word_1_164' title='bbox 1915 1480 2074 1535; x_wconf 80' lang='lat' dir='ltr'>quibus</span> <span class='ocrx_word' id='word_1_165' title='bbox 2107 1480 2433 1532; x_wconf 78' lang='lat' dir='ltr'>Sedlmayerum</span> <span class='ocrx_word' id='word_1_166' title='bbox 2476 1495 2562 1520; x_wconf 89' lang='lat' dir='ltr'>non</span> <span class='ocrx_word' id='word_1_167' title='bbox 2597 1483 2740 1521; x_wconf 91' lang='lat' dir='ltr'>minus</span> 
     </span>
     <span class='ocr_line' id='line_1_17' title="bbox 354 1550 2740 1606; baseline 0.001 -15"><span class='ocrx_word' id='word_1_168' title='bbox 354 1562 484 1605; x_wconf 85' lang='lat' dir='ltr'>quam</span> <span class='ocrx_word' id='word_1_169' title='bbox 520 1550 709 1605; x_wconf 89' lang='lat' dir='ltr'>reliquos</span> <span class='ocrx_word' id='word_1_170' title='bbox 743 1550 927 1592; x_wconf 84' lang='lat' dir='ltr'>editores</span> <span class='ocrx_word' id='word_1_171' title='bbox 961 1551 1150 1591; x_wconf 80' lang='lat' dir='ltr'>admiror</span> <span class='ocrx_word' id='word_1_172' title='bbox 1182 1553 1418 1592; x_wconf 80' lang='lat' dir='ltr'>recessisse.</span> <span class='ocrx_word' id='word_1_173' title='bbox 1497 1552 1610 1593; x_wconf 81' lang='lat' dir='ltr'>Num</span> <span class='ocrx_word' id='word_1_174' title='bbox 1647 1566 1792 1593; x_wconf 81' lang='lat' dir='ltr'>verum</span> <span class='ocrx_word' id='word_1_175' title='bbox 1828 1565 1920 1592; x_wconf 88' lang='lat' dir='ltr'>esse</span> <span class='ocrx_word' id='word_1_176' title='bbox 1953 1553 2025 1592; x_wconf 88' lang='lat' dir='ltr'>ille</span> <span class='ocrx_word' id='word_1_177' title='bbox 2057 1553 2254 1604; x_wconf 72' lang='lat' dir='ltr'>(eredidit,</span> <span class='ocrx_word' id='word_1_178' title='bbox 2299 1554 2414 1606; x_wconf 88' lang='lat' dir='ltr'>quod</span> <span class='ocrx_word' id='word_1_179' title='bbox 2456 1553 2740 1593; x_wconf 86' lang='lat' dir='ltr'>Ruhnkenius</span> 
     </span>
     <span class='ocr_line' id='line_1_18' title="bbox 353 1622 2738 1678; baseline 0 -15"><span class='ocrx_word' id='word_1_180' title='bbox 353 1623 405 1663; x_wconf 79' lang='lat' dir='ltr'>ad</span> <span class='ocrx_word' id='word_1_181' title='bbox 440 1623 556 1664; x_wconf 83' lang='lat' dir='ltr'>hune</span> <span class='ocrx_word' id='word_1_182' title='bbox 589 1622 730 1663; x_wconf 83' lang='lat' dir='ltr'>locum</span> <span class='ocrx_word' id='word_1_183' title='bbox 771 1623 967 1672; x_wconf 81' lang='lat' dir='ltr'>adnotat,</span> <span class='ocrx_word' id='word_1_184' title='bbox 1007 1624 1352 1676; x_wconf 65' lang='lat' dir='ltr'>monosyllabum</span> <span class='ocrx_word' id='word_1_185' title='bbox 1386 1623 1458 1677; x_wconf 79' lang='lat' dir='ltr'>sm-</span> <span class='ocrx_word' id='word_1_186' title='bbox 1493 1625 1667 1678; x_wconf 75' lang='lat' dir='ltr'>longum</span> <span class='ocrx_word' id='word_1_187' title='bbox 1709 1627 1830 1664; x_wconf 76' lang='lat' dir='ltr'>esse?</span> <span class='ocrx_word' id='word_1_188' title='bbox 1878 1624 2106 1665; x_wconf 74' lang='lat' dir='ltr'>Fluctuant</span> <span class='ocrx_word' id='word_1_189' title='bbox 2139 1626 2341 1665; x_wconf 87' lang='lat' dir='ltr'>nimirum</span> <span class='ocrx_word' id='word_1_190' title='bbox 2382 1624 2550 1665; x_wconf 81' lang='lat' dir='ltr'>eodiees</span> <span class='ocrx_word' id='word_1_191' title='bbox 2584 1630 2629 1664; x_wconf 91' lang='lat' dir='ltr'>ut</span> <span class='ocrx_word' id='word_1_192' title='bbox 2662 1625 2738 1663; x_wconf 82' lang='lat' dir='ltr'>hoe</span> 
     </span>
     <span class='ocr_line' id='line_1_19' title="bbox 353 1693 2739 1752; baseline 0 -16"><span class='ocrx_word' id='word_1_193' title='bbox 353 1695 445 1736; x_wconf 78' lang='lat' dir='ltr'>loeo</span> <span class='ocrx_word' id='word_1_194' title='bbox 478 1695 537 1737; x_wconf 83' lang='lat' dir='ltr'>ita</span> <span class='ocrx_word' id='word_1_195' title='bbox 569 1693 698 1747; x_wconf 87' lang='lat' dir='ltr'>XIII,</span> <span class='ocrx_word' id='word_1_196' title='bbox 736 1695 819 1737; x_wconf 85' lang='lat'>142</span> <span class='ocrx_word' id='word_1_197' title='bbox 853 1699 893 1737; x_wconf 86' lang='lat' dir='ltr'>et</span> <span class='ocrx_word' id='word_1_198' title='bbox 926 1693 1034 1742; x_wconf 80' lang='lat' dir='ltr'>XX,</span> <span class='ocrx_word' id='word_1_199' title='bbox 1072 1697 1155 1739; x_wconf 79' lang='lat'>154</span> <span class='ocrx_word' id='word_1_200' title='bbox 1190 1697 1299 1738; x_wconf 86' lang='lat' dir='ltr'>inter</span> <span class='ocrx_word' id='word_1_201' title='bbox 1329 1695 1401 1749; x_wconf 78' lang='lat' dir='ltr'>sm·</span> <span class='ocrx_word' id='word_1_202' title='bbox 1434 1701 1474 1738; x_wconf 88' lang='lat' dir='ltr'>et</span> <span class='ocrx_word' id='word_1_203' title='bbox 1507 1696 1600 1750; x_wconf 64' lang='lat' dir='ltr'>fave</span> <span class='ocrx_word' id='word_1_204' title='bbox 1633 1697 1808 1751; x_wconf 78' lang='lat' dir='ltr'>antique</span> <span class='ocrx_word' id='word_1_205' title='bbox 1842 1696 2002 1738; x_wconf 85' lang='lat' dir='ltr'>dietum</span> <span class='ocrx_word' id='word_1_206' title='bbox 2037 1696 2152 1749; x_wconf 83' lang='lat' dir='ltr'>(&#39;„sed</span> <span class='ocrx_word' id='word_1_207' title='bbox 2188 1709 2354 1752; x_wconf 87' lang='lat' dir='ltr'>semper</span> <span class='ocrx_word' id='word_1_208' title='bbox 2386 1695 2632 1738; x_wconf 88' lang='lat' dir='ltr'>elidendum</span> <span class='ocrx_word' id='word_1_209' title='bbox 2666 1700 2739 1748; x_wconf 89' lang='lat' dir='ltr'>est,</span> 
     </span>
     <span class='ocr_line' id='line_1_20' title="bbox 353 1766 2740 1822; baseline 0 -14"><span class='ocrx_word' id='word_1_210' title='bbox 353 1773 399 1808; x_wconf 89' lang='lat' dir='ltr'>ut</span> <span class='ocrx_word' id='word_1_211' title='bbox 426 1767 704 1822; x_wconf 79' lang='lat' dir='ltr'>corripiatur“</span> <span class='ocrx_word' id='word_1_212' title='bbox 732 1766 988 1819; x_wconf 61' lang='lat' dir='ltr'>Ruhnken).</span> <span class='ocrx_word' id='word_1_213' title='bbox 1037 1767 1174 1808; x_wconf 78' lang='lat' dir='ltr'>Etiam</span> <span class='ocrx_word' id='word_1_214' title='bbox 1204 1781 1253 1809; x_wconf 84' lang='lat' dir='ltr'>ex</span> <span class='ocrx_word' id='word_1_215' title='bbox 1291 1768 1421 1808; x_wconf 87' lang='lat' dir='ltr'>Ponto</span> <span class='ocrx_word' id='word_1_216' title='bbox 1451 1768 1503 1816; x_wconf 84' lang='lat' dir='ltr'>II,</span> <span class='ocrx_word' id='word_1_217' title='bbox 1535 1770 1574 1819; x_wconf 80' lang='lat'>2,</span> <span class='ocrx_word' id='word_1_218' title='bbox 1603 1771 1658 1810; x_wconf 88' lang='lat'>64</span> <span class='ocrx_word' id='word_1_219' title='bbox 1687 1768 1940 1809; x_wconf 86' lang='lat' dir='ltr'>Merkelium</span> <span class='ocrx_word' id='word_1_220' title='bbox 1977 1769 2020 1809; x_wconf 90' lang='lat' dir='ltr'>in</span> <span class='ocrx_word' id='word_1_221' title='bbox 2055 1769 2185 1810; x_wconf 82' lang='lat' dir='ltr'>altera</span> <span class='ocrx_word' id='word_1_222' title='bbox 2218 1768 2404 1810; x_wconf 87' lang='lat' dir='ltr'>editione</span> <span class='ocrx_word' id='word_1_223' title='bbox 2435 1767 2507 1822; x_wconf 71' lang='lat' dir='ltr'>fac·</span> <span class='ocrx_word' id='word_1_224' title='bbox 2539 1767 2740 1822; x_wconf 81' lang='lat' dir='ltr'>praebere</span> 
     </span>
     <span class='ocr_line' id='line_1_21' title="bbox 352 1838 2740 1894; baseline 0 -14"><span class='ocrx_word' id='word_1_225' title='bbox 352 1853 450 1880; x_wconf 76' lang='lat' dir='ltr'>eum</span> <span class='ocrx_word' id='word_1_226' title='bbox 479 1839 651 1893; x_wconf 88' lang='lat' dir='ltr'>optimis</span> <span class='ocrx_word' id='word_1_227' title='bbox 678 1838 817 1890; x_wconf 89' lang='lat' dir='ltr'>libris,</span> <span class='ocrx_word' id='word_1_228' title='bbox 852 1853 937 1879; x_wconf 92' lang='lat' dir='ltr'>non</span> <span class='ocrx_word' id='word_1_229' title='bbox 964 1838 1070 1892; x_wconf 69' lang='lat' dir='ltr'>face,</span> <span class='ocrx_word' id='word_1_230' title='bbox 1106 1839 1221 1893; x_wconf 86' lang='lat' dir='ltr'>quod</span> <span class='ocrx_word' id='word_1_231' title='bbox 1251 1838 1414 1879; x_wconf 86' lang='lat' dir='ltr'>Kornio</span> <span class='ocrx_word' id='word_1_232' title='bbox 1442 1839 1621 1893; x_wconf 69' lang='lat' dir='ltr'>placuit,</span> <span class='ocrx_word' id='word_1_233' title='bbox 1656 1840 1678 1880; x_wconf 94' lang='lat' dir='ltr'>l.</span> <span class='ocrx_word' id='word_1_234' title='bbox 1708 1840 1731 1880; x_wconf 92' lang='grc'>1.</span> <span class='ocrx_word' id='word_1_235' title='bbox 1761 1854 1798 1894; x_wconf 88' lang='lat' dir='ltr'>p.</span> <span class='ocrx_word' id='word_1_236' title='bbox 1827 1841 1913 1881; x_wconf 90' lang='grc'><strong>402</strong></span> <span class='ocrx_word' id='word_1_237' title='bbox 1948 1840 2123 1881; x_wconf 86' lang='lat' dir='ltr'>ostendi.</span> <span class='ocrx_word' id='word_1_238' title='bbox 2173 1840 2324 1894; x_wconf 84' lang='lat' dir='ltr'>Itaque</span> <span class='ocrx_word' id='word_1_239' title='bbox 2352 1853 2465 1880; x_wconf 83' lang='lat' dir='ltr'>nune</span> <span class='ocrx_word' id='word_1_240' title='bbox 2492 1839 2740 1880; x_wconf 84' lang='lat' dir='ltr'>Ehwaldius</span> 
     </span>
     <span class='ocr_line' id='line_1_22' title="bbox 353 1909 2741 1964; baseline 0 -14"><span class='ocrx_word' id='word_1_241' title='bbox 353 1923 528 1964; x_wconf 80' lang='lat' dir='ltr'>quoque</span> <span class='ocrx_word' id='word_1_242' title='bbox 560 1924 657 1951; x_wconf 85' lang='lat' dir='ltr'>ann.</span> <span class='ocrx_word' id='word_1_243' title='bbox 688 1910 810 1951; x_wconf 88' lang='lat' dir='ltr'>Burs.</span> <span class='ocrx_word' id='word_1_244' title='bbox 840 1914 938 1951; x_wconf 89' lang='lat' dir='ltr'>tom.</span> <span class='ocrx_word' id='word_1_245' title='bbox 967 1909 1218 1950; x_wconf 78' lang='lat' dir='ltr'>XXXXIII</span> <span class='ocrx_word' id='word_1_246' title='bbox 1254 1924 1289 1963; x_wconf 90' lang='lat' dir='ltr'>p.</span> <span class='ocrx_word' id='word_1_247' title='bbox 1318 1911 1418 1961; x_wconf 76' lang='lat'>238,</span> <span class='ocrx_word' id='word_1_248' title='bbox 1452 1912 1485 1949; x_wconf 92' lang='lat' dir='ltr'>si</span> <span class='ocrx_word' id='word_1_249' title='bbox 1524 1911 1647 1950; x_wconf 88' lang='lat' dir='ltr'>modo</span> <span class='ocrx_word' id='word_1_250' title='bbox 1681 1910 1897 1951; x_wconf 84' lang='lat' dir='ltr'>Parisinus</span> <span class='ocrx_word' id='word_1_251' title='bbox 1929 1911 2000 1964; x_wconf 71' lang='lat' dir='ltr'>fae</span> <span class='ocrx_word' id='word_1_252' title='bbox 2034 1911 2183 1951; x_wconf 84' lang='lat' dir='ltr'>habeat</span> <span class='ocrx_word' id='word_1_253' title='bbox 2210 1911 2442 1964; x_wconf 77' lang='lat' dir='ltr'>(siquidem</span> <span class='ocrx_word' id='word_1_254' title='bbox 2475 1911 2579 1950; x_wconf 86' lang='lat' dir='ltr'>nihil</span> <span class='ocrx_word' id='word_1_255' title='bbox 2608 1911 2660 1950; x_wconf 91' lang='lat' dir='ltr'>de</span> <span class='ocrx_word' id='word_1_256' title='bbox 2692 1923 2741 1950; x_wconf 83' lang='lat' dir='ltr'>ea</span> 
     </span>
     <span class='ocr_line' id='line_1_23' title="bbox 351 1981 2739 2038; baseline 0 -15"><span class='ocrx_word' id='word_1_257' title='bbox 351 1995 396 2024; x_wconf 86' lang='lat' dir='ltr'>re</span> <span class='ocrx_word' id='word_1_258' title='bbox 431 1981 598 2025; x_wconf 88' lang='lat' dir='ltr'>Keilius</span> <span class='ocrx_word' id='word_1_259' title='bbox 638 1981 875 2035; x_wconf 77' lang='lat' dir='ltr'>adnotavit,</span> <span class='ocrx_word' id='word_1_260' title='bbox 920 1995 1005 2037; x_wconf 86' lang='lat' dir='ltr'>quo</span> <span class='ocrx_word' id='word_1_261' title='bbox 1046 1982 1116 2025; x_wconf 90' lang='lat' dir='ltr'>ille</span> <span class='ocrx_word' id='word_1_262' title='bbox 1150 1988 1255 2025; x_wconf 86' lang='lat' dir='ltr'>teste</span> <span class='ocrx_word' id='word_1_263' title='bbox 1291 1982 1460 2036; x_wconf 83' lang='lat' dir='ltr'>utitur),</span> <span class='ocrx_word' id='word_1_264' title='bbox 1501 1982 1779 2036; x_wconf 72' lang='lat' dir='ltr'>Sedlmayero</span> <span class='ocrx_word' id='word_1_265' title='bbox 1823 1983 1930 2025; x_wconf 82' lang='lat' dir='ltr'>hane</span> <span class='ocrx_word' id='word_1_266' title='bbox 1974 1982 2153 2025; x_wconf 83' lang='lat' dir='ltr'>formam</span> <span class='ocrx_word' id='word_1_267' title='bbox 2197 1983 2238 2024; x_wconf 92' lang='lat' dir='ltr'>in</span> <span class='ocrx_word' id='word_1_268' title='bbox 2282 1987 2402 2025; x_wconf 80' lang='lat' dir='ltr'>textu</span> <span class='ocrx_word' id='word_1_269' title='bbox 2447 1982 2739 2038; x_wconf 87' lang='lat' dir='ltr'>reponendum</span> 
     </span>
     <span class='ocr_line' id='line_1_24' title="bbox 350 2054 689 2097; baseline 0 0"><span class='ocrx_word' id='word_1_270' title='bbox 350 2054 484 2097; x_wconf 88' lang='lat' dir='ltr'>fuisse</span> <span class='ocrx_word' id='word_1_271' title='bbox 516 2054 689 2097; x_wconf 79' lang='lat' dir='ltr'>iudicat.</span> 
     </span>
    </p>
   </div>
   <div class='ocr_carea' id='block_1_6' title="bbox 351 2175 2740 2662">
    <p class='ocr_par' dir='ltr' id='par_1_7' title="bbox 351 2175 2740 2662">
     <span class='ocr_line' id='line_1_25' title="bbox 570 2175 2339 2228; baseline -0.003 -11"><span class='ocrx_word' id='word_1_272' title='bbox 570 2175 652 2217; x_wconf 88' lang='lat' dir='ltr'>III</span> <span class='ocrx_word' id='word_1_273' title='bbox 687 2175 741 2217; x_wconf 77' lang='grc'>57</span> <span class='ocrx_word' id='word_1_274' title='bbox 776 2187 844 2228; x_wconf 81' lang='lat' dir='ltr'>Sq.</span> <span class='ocrx_word' id='word_1_275' title='bbox 939 2175 1057 2223; x_wconf 62' lang='lat' dir='ltr'>(juin</span> <span class='ocrx_word' id='word_1_276' title='bbox 1094 2175 1224 2215; x_wconf 67' lang='lat' dir='ltr'>ellam</span> <span class='ocrx_word' id='word_1_277' title='bbox 1259 2176 1382 2228; x_wconf 69' lang='lat' dir='ltr'>saum</span> <span class='ocrx_word' id='word_1_278' title='bbox 1416 2179 1489 2224; x_wconf 67' lang='lat' dir='ltr'>est,</span> <span class='ocrx_word' id='word_1_279' title='bbox 1526 2190 1624 2215; x_wconf 61' lang='lat' dir='ltr'>cum</span> <span class='ocrx_word' id='word_1_280' title='bbox 1660 2176 1854 2214; x_wconf 58' lang='lat' dir='ltr'>was-tina</span> <span class='ocrx_word' id='word_1_281' title='bbox 1888 2176 2067 2228; x_wconf 68' lang='lat' dir='ltr'>fulserit</span> <span class='ocrx_word' id='word_1_282' title='bbox 2098 2189 2179 2218; x_wconf 69' lang='lat' dir='ltr'>eos,</span> <span class='ocrx_word' id='word_1_283' title='bbox 2314 2181 2339 2203; x_wconf 66' lang='grc' dir='ltr'><strong><em>θ</em></strong></span> 
     </span>
     <span class='ocr_line' id='line_1_26' title="bbox 1059 2247 2000 2300; baseline 0.001 -14"><span class='ocrx_word' id='word_1_284' title='bbox 1059 2247 1109 2286; x_wconf 76' lang='lat' dir='ltr'>Te</span> <span class='ocrx_word' id='word_1_285' title='bbox 1141 2248 1243 2287; x_wconf 70' lang='lat' dir='ltr'>dare</span> <span class='ocrx_word' id='word_1_286' title='bbox 1278 2247 1497 2300; x_wconf 64' lang='lat' dir='ltr'>maln&#39;feris</span> <span class='ocrx_word' id='word_1_287' title='bbox 1532 2248 1665 2287; x_wconf 73' lang='lat' dir='ltr'>lintea</span> <span class='ocrx_word' id='word_1_288' title='bbox 1703 2248 1836 2287; x_wconf 75' lang='lat' dir='ltr'>relle</span> <span class='ocrx_word' id='word_1_289' title='bbox 1869 2248 2000 2287; x_wconf 67' lang='lat' dir='ltr'>uotis.</span> 
     </span>
     <span class='ocr_line' id='line_1_27' title="bbox 352 2318 2739 2374; baseline -0 -14"><span class='ocrx_word' id='word_1_290' title='bbox 352 2319 434 2360; x_wconf 88' lang='lat' dir='ltr'>Pro</span> <span class='ocrx_word' id='word_1_291' title='bbox 474 2324 588 2361; x_wconf 76' lang='lat' dir='ltr'>certo</span> <span class='ocrx_word' id='word_1_292' title='bbox 626 2320 931 2372; x_wconf 79' lang='lat' dir='ltr'>Sedlmayerus</span> <span class='ocrx_word' id='word_1_293' title='bbox 974 2334 1123 2359; x_wconf 71' lang='lat' dir='ltr'>comm.</span> <span class='ocrx_word' id='word_1_294' title='bbox 1159 2322 1248 2360; x_wconf 75' lang='lat' dir='ltr'>erit.</span> <span class='ocrx_word' id='word_1_295' title='bbox 1277 2334 1341 2374; x_wconf 87' lang='lat' dir='ltr'>pp.</span> <span class='ocrx_word' id='word_1_296' title='bbox 1376 2322 1428 2360; x_wconf 87' lang='lat'>16</span> <span class='ocrx_word' id='word_1_297' title='bbox 1456 2337 1515 2373; x_wconf 82' lang='lat' dir='ltr'>sq.</span> <span class='ocrx_word' id='word_1_298' title='bbox 1545 2320 1771 2360; x_wconf 79' lang='lat' dir='ltr'>affirmavit</span> <span class='ocrx_word' id='word_1_299' title='bbox 1804 2334 1901 2360; x_wconf 86' lang='lat' dir='ltr'>eum</span> <span class='ocrx_word' id='word_1_300' title='bbox 1936 2320 2133 2371; x_wconf 78' lang='lat' dir='ltr'>Heinsio,</span> <span class='ocrx_word' id='word_1_301' title='bbox 2176 2321 2247 2373; x_wconf 85' lang='lat' dir='ltr'>qui</span> <span class='ocrx_word' id='word_1_302' title='bbox 2287 2318 2593 2359; x_wconf 83' lang='lat' dir='ltr'>Ruhnkenium</span> <span class='ocrx_word' id='word_1_303' title='bbox 2636 2332 2739 2372; x_wconf 86' lang='lat' dir='ltr'>quo-</span> 
     </span>
     <span class='ocr_line' id='line_1_28' title="bbox 352 2389 2740 2447; baseline -0.001 -15"><span class='ocrx_word' id='word_1_304' title='bbox 352 2406 436 2447; x_wconf 83' lang='lat' dir='ltr'>que</span> <span class='ocrx_word' id='word_1_305' title='bbox 478 2392 791 2432; x_wconf 87' lang='lat' dir='ltr'>adsentientem</span> <span class='ocrx_word' id='word_1_306' title='bbox 835 2392 980 2443; x_wconf 87' lang='lat' dir='ltr'>habet,</span> <span class='ocrx_word' id='word_1_307' title='bbox 1021 2391 1203 2431; x_wconf 74' lang='lat' dir='ltr'>lintea</span> <span class='ocrx_word' id='word_1_308' title='bbox 1240 2392 1370 2445; x_wconf 69' lang='lat' dir='ltr'>plote</span> <span class='ocrx_word' id='word_1_309' title='bbox 1385 2406 1410 2431; x_wconf 84' lang='grc' dir='ltr'>(ι</span> <span class='ocrx_word' id='word_1_310' title='bbox 1454 2391 1728 2432; x_wconf 73' lang='lat' dir='ltr'>scribendum</span> <span class='ocrx_word' id='word_1_311' title='bbox 1764 2406 1855 2432; x_wconf 87' lang='lat' dir='ltr'>esse</span> <span class='ocrx_word' id='word_1_312' title='bbox 1888 2392 1936 2432; x_wconf 77' lang='lat' dir='ltr'>el.</span> <span class='ocrx_word' id='word_1_313' title='bbox 1972 2391 2143 2432; x_wconf 85' lang='lat' dir='ltr'>Remed.</span> <span class='ocrx_word' id='word_1_314' title='bbox 2178 2405 2256 2432; x_wconf 86' lang='lat' dir='ltr'>am.</span> <span class='ocrx_word' id='word_1_315' title='bbox 2291 2391 2389 2432; x_wconf 82' lang='lat'>266.</span> <span class='ocrx_word' id='word_1_316' title='bbox 2454 2389 2740 2444; x_wconf 82' lang='lat' dir='ltr'>Improbanda</span> 
     </span>
     <span class='ocr_line' id='line_1_29' title="bbox 351 2461 2739 2517; baseline -0.001 -14"><span class='ocrx_word' id='word_1_317' title='bbox 351 2466 453 2504; x_wconf 82' lang='lat' dir='ltr'>haee</span> <span class='ocrx_word' id='word_1_318' title='bbox 486 2470 548 2504; x_wconf 88' lang='lat' dir='ltr'>est</span> <span class='ocrx_word' id='word_1_319' title='bbox 582 2466 793 2504; x_wconf 85' lang='lat' dir='ltr'>sententia</span> <span class='ocrx_word' id='word_1_320' title='bbox 827 2477 925 2503; x_wconf 81' lang='lat' dir='ltr'>cum</span> <span class='ocrx_word' id='word_1_321' title='bbox 960 2464 1096 2503; x_wconf 91' lang='lat' dir='ltr'>Birtio</span> <span class='ocrx_word' id='word_1_322' title='bbox 1130 2470 1170 2503; x_wconf 87' lang='lat' dir='ltr'>et</span> <span class='ocrx_word' id='word_1_323' title='bbox 1212 2464 1454 2515; x_wconf 81' lang='lat' dir='ltr'>Eliwaldio,</span> <span class='ocrx_word' id='word_1_324' title='bbox 1501 2465 1577 2503; x_wconf 87' lang='lat' dir='ltr'>etsi</span> <span class='ocrx_word' id='word_1_325' title='bbox 1623 2466 1809 2517; x_wconf 84' lang='lat' dir='ltr'>ineptam</span> <span class='ocrx_word' id='word_1_326' title='bbox 1850 2464 2017 2503; x_wconf 88' lang='lat' dir='ltr'>Heinsii</span> <span class='ocrx_word' id='word_1_327' title='bbox 2060 2464 2283 2504; x_wconf 73' lang='lat' dir='ltr'>lectionem</span> <span class='ocrx_word' id='word_1_328' title='bbox 2325 2463 2465 2503; x_wconf 74' lang='lat' dir='ltr'>dicere</span> <span class='ocrx_word' id='word_1_329' title='bbox 2506 2476 2584 2514; x_wconf 78' lang='lat' dir='ltr'>ego</span> <span class='ocrx_word' id='word_1_330' title='bbox 2619 2461 2739 2502; x_wconf 88' lang='lat' dir='ltr'>dubi-</span> 
     </span>
     <span class='ocr_line' id='line_1_30' title="bbox 351 2533 2737 2589; baseline -0.001 -14"><span class='ocrx_word' id='word_1_331' title='bbox 351 2538 540 2576; x_wconf 81' lang='lat' dir='ltr'>taverim.</span> <span class='ocrx_word' id='word_1_332' title='bbox 605 2536 720 2575; x_wconf 89' lang='lat' dir='ltr'>Illud</span> <span class='ocrx_word' id='word_1_333' title='bbox 755 2542 897 2576; x_wconf 85' lang='lat' dir='ltr'>autem</span> <span class='ocrx_word' id='word_1_334' title='bbox 934 2536 1066 2574; x_wconf 66' lang='lat' dir='ltr'>celle</span> <span class='ocrx_word' id='word_1_335' title='bbox 1107 2535 1309 2587; x_wconf 71' lang='lat' dir='ltr'>Micyllus</span> <span class='ocrx_word' id='word_1_336' title='bbox 1353 2537 1574 2589; x_wconf 84' lang='lat' dir='ltr'>ingeniose</span> <span class='ocrx_word' id='word_1_337' title='bbox 1619 2536 1761 2575; x_wconf 73' lang='lat' dir='ltr'>elicuit</span> <span class='ocrx_word' id='word_1_338' title='bbox 1804 2549 1857 2575; x_wconf 85' lang='lat' dir='ltr'>ex</span> <span class='ocrx_word' id='word_1_339' title='bbox 1892 2549 1958 2587; x_wconf 90' lang='lat' dir='ltr'>eo,</span> <span class='ocrx_word' id='word_1_340' title='bbox 2002 2536 2117 2588; x_wconf 87' lang='lat' dir='ltr'>quod</span> <span class='ocrx_word' id='word_1_341' title='bbox 2151 2535 2325 2589; x_wconf 89' lang='lat' dir='ltr'>plurimi</span> <span class='ocrx_word' id='word_1_342' title='bbox 2358 2535 2526 2574; x_wconf 77' lang='lat' dir='ltr'>eodiees</span> <span class='ocrx_word' id='word_1_343' title='bbox 2559 2533 2737 2574; x_wconf 87' lang='lat' dir='ltr'>habent:</span> 
     </span>
     <span class='ocr_line' id='line_1_31' title="bbox 353 2607 856 2662; baseline 0 -16"><span class='ocrx_word' id='word_1_344' title='bbox 353 2620 374 2646; x_wconf 66' lang='grc' dir='ltr'>ι’</span> <span class='ocrx_word' id='word_1_345' title='bbox 387 2620 407 2646; x_wconf 79' lang='lat' dir='ltr'>o</span> <span class='ocrx_word' id='word_1_346' title='bbox 420 2607 472 2647; x_wconf 76' lang='lat' dir='ltr'>la</span> <span class='ocrx_word' id='word_1_347' title='bbox 505 2608 647 2662; x_wconf 79' lang='lat' dir='ltr'>(pauci</span> <span class='ocrx_word' id='word_1_348' title='bbox 688 2620 709 2645; x_wconf 79' lang='grc' dir='ltr'>ι·</span> <span class='ocrx_word' id='word_1_349' title='bbox 721 2620 741 2646; x_wconf 80' lang='lat' dir='ltr'>e</span> <span class='ocrx_word' id='word_1_350' title='bbox 752 2607 856 2660; x_wconf 81' lang='lat' dir='ltr'>lla).</span> 
     </span>
    </p>
   </div>
   <div class='ocr_carea' id='block_1_7' title="bbox 346 2723 2741 3360">
    <p class='ocr_par' dir='ltr' id='par_1_8' title="bbox 346 2723 2741 3360">
     <span class='ocr_line' id='line_1_32' title="bbox 569 2723 2282 2779; baseline -0.001 -11"><span class='ocrx_word' id='word_1_351' title='bbox 569 2725 635 2768; x_wconf 85' lang='lat' dir='ltr'>IV</span> <span class='ocrx_word' id='word_1_352' title='bbox 669 2726 699 2768; x_wconf 84' lang='lat'>9</span> <span class='ocrx_word' id='word_1_353' title='bbox 732 2739 801 2778; x_wconf 87' lang='lat' dir='ltr'>sq.</span> <span class='ocrx_word' id='word_1_354' title='bbox 933 2725 1031 2774; x_wconf 73' lang='lat' dir='ltr'>Qua</span> <span class='ocrx_word' id='word_1_355' title='bbox 1064 2726 1160 2767; x_wconf 79' lang='lat' dir='ltr'>lieet</span> <span class='ocrx_word' id='word_1_356' title='bbox 1191 2729 1231 2767; x_wconf 81' lang='lat' dir='ltr'>et</span> <span class='ocrx_word' id='word_1_357' title='bbox 1261 2726 1539 2779; x_wconf 64' lang='lat' dir='ltr'>seqnitur,</span> <span class='ocrx_word' id='word_1_358' title='bbox 1571 2725 1717 2778; x_wconf 72' lang='lat' dir='ltr'>pudor</span> <span class='ocrx_word' id='word_1_359' title='bbox 1749 2729 1812 2767; x_wconf 80' lang='lat' dir='ltr'>est</span> <span class='ocrx_word' id='word_1_360' title='bbox 1846 2724 2094 2767; x_wconf 63' lang='lat' dir='ltr'>miscendus</span> <span class='ocrx_word' id='word_1_361' title='bbox 2126 2723 2282 2766; x_wconf 66' lang='lat' dir='ltr'>(cneori.</span> 
     </span>
     <span class='ocr_line' id='line_1_33' title="bbox 1055 2796 2112 2852; baseline -0.001 -13"><span class='ocrx_word' id='word_1_362' title='bbox 1055 2797 1209 2839; x_wconf 66' lang='lat' dir='ltr'>Diem-e</span> <span class='ocrx_word' id='word_1_363' title='bbox 1241 2813 1352 2852; x_wconf 75' lang='lat' dir='ltr'>qnae</span> <span class='ocrx_word' id='word_1_364' title='bbox 1379 2797 1560 2852; x_wconf 66' lang='lat' dir='ltr'>puduit,</span> <span class='ocrx_word' id='word_1_365' title='bbox 1594 2796 1776 2839; x_wconf 65' lang='lat' dir='ltr'>seribere</span> <span class='ocrx_word' id='word_1_366' title='bbox 1811 2796 1945 2839; x_wconf 75' lang='lat' dir='ltr'>iussit</span> <span class='ocrx_word' id='word_1_367' title='bbox 1975 2810 2112 2839; x_wconf 79' lang='lat' dir='ltr'>amor.</span> 
     </span>
     <span class='ocr_line' id='line_1_34' title="bbox 349 2868 2741 2925; baseline -0.002 -13"><span class='ocrx_word' id='word_1_368' title='bbox 349 2871 413 2913; x_wconf 85' lang='lat' dir='ltr'>Ita</span> <span class='ocrx_word' id='word_1_369' title='bbox 446 2883 544 2912; x_wconf 80' lang='lat' dir='ltr'>cuni</span> <span class='ocrx_word' id='word_1_370' title='bbox 578 2871 779 2912; x_wconf 81' lang='lat' dir='ltr'>omnibus</span> <span class='ocrx_word' id='word_1_371' title='bbox 806 2871 927 2911; x_wconf 87' lang='lat' dir='ltr'>libris</span> <span class='ocrx_word' id='word_1_372' title='bbox 955 2871 1156 2921; x_wconf 78' lang='lat' dir='ltr'>editores,</span> <span class='ocrx_word' id='word_1_373' title='bbox 1191 2871 1273 2911; x_wconf 91' lang='lat' dir='ltr'>nisi</span> <span class='ocrx_word' id='word_1_374' title='bbox 1309 2871 1422 2925; x_wconf 86' lang='lat' dir='ltr'>quod</span> <span class='ocrx_word' id='word_1_375' title='bbox 1458 2870 1763 2924; x_wconf 72' lang='lat' dir='ltr'>Sedlmayerus</span> <span class='ocrx_word' id='word_1_376' title='bbox 1791 2884 1813 2910; x_wconf 94' lang='lat' dir='ltr'>e</span> <span class='ocrx_word' id='word_1_377' title='bbox 1841 2870 1964 2910; x_wconf 88' lang='lat' dir='ltr'>Birtii</span> <span class='ocrx_word' id='word_1_378' title='bbox 1997 2870 2241 2910; x_wconf 80' lang='lat' dir='ltr'>coniectura</span> <span class='ocrx_word' id='word_1_379' title='bbox 2276 2868 2372 2917; x_wconf 76' lang='lat' dir='ltr'>Qua</span> <span class='ocrx_word' id='word_1_380' title='bbox 2399 2868 2495 2908; x_wconf 76' lang='lat' dir='ltr'>lieet</span> <span class='ocrx_word' id='word_1_381' title='bbox 2520 2872 2559 2908; x_wconf 85' lang='lat' dir='ltr'>et</span> <span class='ocrx_word' id='word_1_382' title='bbox 2584 2868 2741 2922; x_wconf 66' lang='lat' dir='ltr'>quitur</span> 
     </span>
     <span class='ocr_line' id='line_1_35' title="bbox 349 2943 2739 2999; baseline -0.002 -15"><span class='ocrx_word' id='word_1_383' title='bbox 349 2945 392 2984; x_wconf 90' lang='lat' dir='ltr'>in</span> <span class='ocrx_word' id='word_1_384' title='bbox 427 2948 550 2985; x_wconf 82' lang='lat' dir='ltr'>textu</span> <span class='ocrx_word' id='word_1_385' title='bbox 592 2946 744 2999; x_wconf 83' lang='lat' dir='ltr'>posuit.</span> <span class='ocrx_word' id='word_1_386' title='bbox 818 2943 970 2999; x_wconf 82' lang='lat' dir='ltr'>Neque</span> <span class='ocrx_word' id='word_1_387' title='bbox 1012 2956 1112 2984; x_wconf 84' lang='lat' dir='ltr'>vero</span> <span class='ocrx_word' id='word_1_388' title='bbox 1155 2945 1320 2984; x_wconf 85' lang='lat' dir='ltr'>nullam</span> <span class='ocrx_word' id='word_1_389' title='bbox 1363 2944 1640 2983; x_wconf 82' lang='lat' dir='ltr'>offensionem</span> <span class='ocrx_word' id='word_1_390' title='bbox 1685 2944 1793 2983; x_wconf 88' lang='lat' dir='ltr'>illud</span> <span class='ocrx_word' id='word_1_391' title='bbox 1835 2943 2039 2997; x_wconf 71' lang='lat' dir='ltr'>seqnitur</span> <span class='ocrx_word' id='word_1_392' title='bbox 2072 2948 2232 2996; x_wconf 86' lang='lat' dir='ltr'>movet,</span> <span class='ocrx_word' id='word_1_393' title='bbox 2277 2956 2385 2996; x_wconf 88' lang='lat' dir='ltr'>quae</span> <span class='ocrx_word' id='word_1_394' title='bbox 2426 2948 2567 2982; x_wconf 85' lang='lat' dir='ltr'>tamen</span> <span class='ocrx_word' id='word_1_395' title='bbox 2611 2944 2739 2981; x_wconf 88' lang='lat' dir='ltr'>inter-</span> 
     </span>
     <span class='ocr_line' id='line_1_36' title="bbox 349 3014 2740 3071; baseline -0.002 -14"><span class='ocrx_word' id='word_1_396' title='bbox 349 3016 584 3071; x_wconf 86' lang='lat' dir='ltr'>pretatione</span> <span class='ocrx_word' id='word_1_397' title='bbox 624 3017 766 3071; x_wconf 90' lang='lat' dir='ltr'>potius</span> <span class='ocrx_word' id='word_1_398' title='bbox 810 3027 940 3070; x_wconf 86' lang='lat' dir='ltr'>quam</span> <span class='ocrx_word' id='word_1_399' title='bbox 982 3016 1278 3057; x_wconf 80' lang='lat' dir='ltr'>emendatione</span> <span class='ocrx_word' id='word_1_400' title='bbox 1319 3022 1447 3070; x_wconf 85' lang='lat' dir='ltr'>atque</span> <span class='ocrx_word' id='word_1_401' title='bbox 1488 3029 1537 3056; x_wconf 81' lang='lat' dir='ltr'>ea</span> <span class='ocrx_word' id='word_1_402' title='bbox 1581 3017 1866 3055; x_wconf 74' lang='lat' dir='ltr'>audacissima.</span> <span class='ocrx_word' id='word_1_403' title='bbox 1900 3016 2070 3055; x_wconf 79' lang='lat' dir='ltr'>videtur</span> <span class='ocrx_word' id='word_1_404' title='bbox 2110 3016 2308 3055; x_wconf 83' lang='lat' dir='ltr'>tollenda.</span> <span class='ocrx_word' id='word_1_405' title='bbox 2372 3015 2542 3054; x_wconf 87' lang='lat' dir='ltr'>Etenim</span> <span class='ocrx_word' id='word_1_406' title='bbox 2576 3014 2740 3053; x_wconf 84' lang='lat' dir='ltr'>Birtius</span> 
     </span>
     <span class='ocr_line' id='line_1_37' title="bbox 348 3085 2740 3143; baseline -0.002 -14"><span class='ocrx_word' id='word_1_407' title='bbox 348 3100 446 3130; x_wconf 80' lang='lat' dir='ltr'>eum</span> <span class='ocrx_word' id='word_1_408' title='bbox 481 3088 588 3129; x_wconf 89' lang='lat' dir='ltr'>illud</span> <span class='ocrx_word' id='word_1_409' title='bbox 620 3087 823 3142; x_wconf 61' lang='lat' dir='ltr'>sequitur</span> <span class='ocrx_word' id='word_1_410' title='bbox 856 3088 1118 3143; x_wconf 79' lang='lat' dir='ltr'>explicatum</span> <span class='ocrx_word' id='word_1_411' title='bbox 1159 3101 1243 3128; x_wconf 92' lang='lat' dir='ltr'>non</span> <span class='ocrx_word' id='word_1_412' title='bbox 1287 3100 1379 3129; x_wconf 88' lang='lat' dir='ltr'>esse</span> <span class='ocrx_word' id='word_1_413' title='bbox 1419 3089 1628 3128; x_wconf 77' lang='lat' dir='ltr'>iudicaret</span> <span class='ocrx_word' id='word_1_414' title='bbox 1677 3088 1796 3141; x_wconf 79' lang='lat' dir='ltr'>(‚,der</span> <span class='ocrx_word' id='word_1_415' title='bbox 1827 3087 2020 3126; x_wconf 67' lang='lat' dir='ltr'>absolute</span> <span class='ocrx_word' id='word_1_416' title='bbox 2061 3088 2154 3126; x_wconf 75' lang='lat' dir='ltr'>und</span> <span class='ocrx_word' id='word_1_417' title='bbox 2186 3100 2268 3141; x_wconf 69' lang='lat' dir='ltr'>yar</span> <span class='ocrx_word' id='word_1_418' title='bbox 2299 3088 2373 3126; x_wconf 74' lang='lat' dir='ltr'>cler</span> <span class='ocrx_word' id='word_1_419' title='bbox 2405 3085 2740 3140; x_wconf 71' lang='lat' dir='ltr'>zmpersonlielm</span> 
     </span>
     <span class='ocr_line' id='line_1_38' title="bbox 355 3157 2741 3214; baseline -0.001 -15"><span class='ocrx_word' id='word_1_420' title='bbox 355 3159 579 3200; x_wconf 59' lang='lat' dir='ltr'>Gelu-azaele</span> <span class='ocrx_word' id='word_1_421' title='bbox 619 3172 698 3200; x_wconf 69' lang='lat' dir='ltr'>ron</span> <span class='ocrx_word' id='word_1_422' title='bbox 734 3160 937 3214; x_wconf 72' lang='lat' dir='ltr'>sequitur</span> <span class='ocrx_word' id='word_1_423' title='bbox 967 3159 1137 3200; x_wconf 69' lang='lat' dir='ltr'>selme&#39;ut</span> <span class='ocrx_word' id='word_1_424' title='bbox 1171 3159 1532 3213; x_wconf 55' lang='lat' dir='ltr'>ectzlateitee&#39;srlry,</span> <span class='ocrx_word' id='word_1_425' title='bbox 1568 3160 1616 3199; x_wconf 78' lang='lat' dir='ltr'>el.</span> <span class='ocrx_word' id='word_1_426' title='bbox 1655 3159 1763 3199; x_wconf 88' lang='lat' dir='ltr'>XVI</span> <span class='ocrx_word' id='word_1_427' title='bbox 1798 3161 1884 3200; x_wconf 85' lang='grc'><strong>237</strong></span> <span class='ocrx_word' id='word_1_428' title='bbox 1913 3172 1973 3213; x_wconf 86' lang='lat' dir='ltr'>sq.</span> <span class='ocrx_word' id='word_1_429' title='bbox 2045 3160 2140 3208; x_wconf 72' lang='lat' dir='ltr'>Qua</span> <span class='ocrx_word' id='word_1_430' title='bbox 2174 3160 2270 3199; x_wconf 73' lang='lat' dir='ltr'>lieet</span> <span class='ocrx_word' id='word_1_431' title='bbox 2302 3162 2342 3198; x_wconf 76' lang='lat' dir='ltr'>(et</span> <span class='ocrx_word' id='word_1_432' title='bbox 2368 3171 2566 3211; x_wconf 67' lang='lat' dir='ltr'>pos-seem,</span> <span class='ocrx_word' id='word_1_433' title='bbox 2602 3157 2741 3196; x_wconf 68' lang='lat' dir='ltr'>laetor</span> 
     </span>
     <span class='ocr_line' id='line_1_39' title="bbox 346 3230 2739 3286; baseline -0.001 -15"><span class='ocrx_word' id='word_1_434' title='bbox 346 3232 481 3273; x_wconf 72' lang='lat' dir='ltr'>eelare</span> <span class='ocrx_word' id='word_1_435' title='bbox 521 3231 734 3286; x_wconf 63' lang='lat' dir='ltr'>furorem.</span> <span class='ocrx_word' id='word_1_436' title='bbox 815 3230 899 3272; x_wconf 74' lang='lat' dir='ltr'>Sed</span> <span class='ocrx_word' id='word_1_437' title='bbox 931 3234 1074 3273; x_wconf 75' lang='lat' dir='ltr'>tamon</span> <span class='ocrx_word' id='word_1_438' title='bbox 1116 3234 1302 3286; x_wconf 74' lang='lat' dir='ltr'>apparot</span> <span class='ocrx_word' id='word_1_439' title='bbox 1341 3231 1652 3271; x_wconf 61' lang='lat' dir='ltr'>disasvanIatns</span> <span class='ocrx_word' id='word_1_440' title='bbox 1693 3244 1819 3271; x_wconf 76' lang='lat' dir='ltr'>amor</span> <span class='ocrx_word' id='word_1_441' title='bbox 1858 3231 2090 3285; x_wconf 84' lang='lat' dir='ltr'>dubitavit,</span> <span class='ocrx_word' id='word_1_442' title='bbox 2136 3232 2396 3272; x_wconf 86' lang='lat' dir='ltr'>seriberetne</span> <span class='ocrx_word' id='word_1_443' title='bbox 2436 3242 2622 3283; x_wconf 67' lang='lat' dir='ltr'>pos-seem</span> <span class='ocrx_word' id='word_1_444' title='bbox 2663 3243 2739 3284; x_wconf 87' lang='lat' dir='ltr'>pro</span> 
     </span>
     <span class='ocr_line' id='line_1_40' title="bbox 346 3302 2739 3360; baseline -0.001 -15"><span class='ocrx_word' id='word_1_445' title='bbox 346 3304 550 3359; x_wconf 68' lang='lat' dir='ltr'>seqnitur</span> <span class='ocrx_word' id='word_1_446' title='bbox 583 3317 637 3346; x_wconf 87' lang='lat' dir='ltr'>an</span> <span class='ocrx_word' id='word_1_447' title='bbox 670 3304 807 3346; x_wconf 83' lang='lat' dir='ltr'>forma</span> <span class='ocrx_word' id='word_1_448' title='bbox 839 3304 1027 3347; x_wconf 82' lang='lat' dir='ltr'>obsoleta</span> <span class='ocrx_word' id='word_1_449' title='bbox 1060 3309 1226 3360; x_wconf 85' lang='lat' dir='ltr'>poetam</span> <span class='ocrx_word' id='word_1_450' title='bbox 1263 3317 1390 3346; x_wconf 91' lang='lat' dir='ltr'>usum</span> <span class='ocrx_word' id='word_1_451' title='bbox 1424 3317 1516 3346; x_wconf 88' lang='lat' dir='ltr'>esse</span> <span class='ocrx_word' id='word_1_452' title='bbox 1550 3304 1631 3345; x_wconf 91' lang='lat' dir='ltr'>sibi</span> <span class='ocrx_word' id='word_1_453' title='bbox 1663 3304 1940 3360; x_wconf 86' lang='lat' dir='ltr'>persuaderet</span> <span class='ocrx_word' id='word_1_454' title='bbox 1985 3303 2083 3354; x_wconf 76' lang='lat' dir='ltr'>Qua</span> <span class='ocrx_word' id='word_1_455' title='bbox 2115 3303 2213 3343; x_wconf 72' lang='lat' dir='ltr'>lieet</span> <span class='ocrx_word' id='word_1_456' title='bbox 2244 3305 2284 3342; x_wconf 77' lang='lat' dir='ltr'>et</span> <span class='ocrx_word' id='word_1_457' title='bbox 2315 3302 2483 3356; x_wconf 70' lang='lat' dir='ltr'>quitur,</span> <span class='ocrx_word' id='word_1_458' title='bbox 2517 3304 2575 3342; x_wconf 89' lang='lat' dir='ltr'>ita</span> <span class='ocrx_word' id='word_1_459' title='bbox 2607 3306 2655 3343; x_wconf 87' lang='lat' dir='ltr'>ut</span> <span class='ocrx_word' id='word_1_460' title='bbox 2687 3302 2739 3342; x_wconf 87' lang='lat' dir='ltr'>ad</span> 
     </span>
    </p>
   </div>
  </div>
 </body>
</html>
