3030 3723
2660 180 2727 225 ⁹1⁴1

363 273 508 354 solum
530 313 633 346 eum
665 299 859 344 ordinem
889 300 975 344 sibi
1002 303 1323 357 persuaserunt·-
1333 303 1486 358 atque
1481 299 1543 345 id
1572 298 1668 343 sine
1692 297 1824 341 dubio
1854 300 2188 356 perspexissent,
2220 299 2349 347 etiam
2378 300 2418 343 si
2436 309 2546 343 casu
2569 299 2729 343 factum

319 372 492 429 ·esset‚
521 376 571 417 ιιι
601 384 656 415 ne
686 385 800 415 unus
832 372 1006 429 quidem
1037 373 1173 419 codex
1211 374 1329 423 hunc
1358 385 1566 417 versuum
1596 370 1792 414 ordinem
1831 376 2029 414 servaret.
2100 372 2141 413 N
2142 385 2259 429 egan
2298 373 2414 416 enim
2453 384 2730 428 nequaquam

355 448 504 505 ,ΡΜ
537 445 722 497 alterum
759 445 923 502 vulgati
963 446 1135 496 ordinis
1159 434 1376 492 distichon·
1403 442 1556 501 (Quae
1589 441 1695 498 wyte
1726 446 1769 484 et
1802 455 1841 499 q.
1868 442 1917 498 s.)
1957 443 2138 492 usitatae
2167 444 2327 486 formae
2366 444 2480 487 initii
2520 443 2730 500 epistulae

361 529 538 574 Primus
567 517 840 573 respondere,
878 519 1066 574 pn'mum
1096 516 1276 572 (Mimas
1305 515 1465 563 invem
1482 520 1535 557 et
1566 529 1604 571 q.
1639 514 1690 568 s‚)
1722 519 1870 557 contra
1900 514 2097 570 abrupte,
2137 520 2186 557 ut
2222 517 2281 558 ita
2320 517 2479 570 dicam,
2519 516 2567 558 in
2606 516 2728 563 initio

307 603 332 611 ··
355 589 581 646 epistulae
599 589 786 646 pesitum
817 601 913 643 esse
940 599 1200 645 conexaque
1227 591 1280 646 et
1293 587 1622 638 continuatione
1652 598 1823 628 carere
1858 585 1984 637 Quod
2015 598 2115 628 cum
2146 587 2477 643 intellexissent,
2509 587 2587 629 hos
2617 586 2728 637 duos

353 672 515 714 ,versus
544 661 741 712 nonnulli
761 662 854 709 viri
882 661 1019 717 docti,-
1040 661 1222 722 primus
1253 643 1473 713 Micyllus,
1512 658 1782 704 novissimus
1812 657 2134 713 Sedlmayerus,
2177 658 2446 705 secluserunt
2476 672 2618 715 neque
2648 672 2728 702 suo

362 734 473 783 loco
493 746 588 789 esse
625 747 705 786 nec
742 734 1020 793 respendere
1031 731 1246 786 facilitati
1272 730 1507 785 Ovidianae
1546 730 1784 777 iudicantes
1822 730 2064 786 (Ruhnken.
2095 731 2122 773 l.
2155 731 2180 773 1.
2212 744 2251 786 p.
2280 731 2397 784 63).
2433 730 2578 786 Atque
2617 731 2727 773 illud

363 806 536 862 quidem
567 806 690 857 facile
721 805 921 863 concedo,
962 805 1057 867 hoc
1073 803 1411 853 demonstratum
1442 814 1530 845 non
1562 806 1647 857 est:
1691 814 1832 857 neque
1868 803 1983 844 enim
2024 803 2157 858 ullam
2190 801 2487 855 offensionem
2499 802 2621 846 video
2654 806 2729 845 aut

355 879 416 927 ¹in
427 879 565 939 ipsis.
561 878 726 931 verbis
742 880 828 927 aut
851 878 899 926 in
924 876 1107 924 ratione.
1106 874 1326 937 metrica.
1350 861 1525 930 Itaque
1554 874 1728 917 rectius
1745 874 1785 916 ei
1811 878 1989 931 egerunt
2015 876 2111 930 qui
2115 875 2197 917 hoc
2223 874 2436 917 distichon
2459 859 2729 921 retinuerunt

361 954 512 1007 atque
515 951 660 1004 aliam
670 950 900 1002 rationem
916 936 1243 1003 interpretandi
1258 958 1307 990 ac
1336 946 1588 995 restituendi
1617 946 1749 997 huius
1780 946 1862 988 loci
1888 947 2320 1002 circumspexerunt.
2339 947 2496 1001 Atque
2508 938 2728 990 Vahlenus

359 1023 416 1073 in
438 1022 610 1079 egregia
633 1013 1012 1083 commentatione
1021 1028 1158 1073 quae
1164 1017 1462 1072 inscribitur
1463 1008 1606 1072 ,Uber
1616 1017 1694 1063 die
1719 1017 1917 1073 Anfange
1950 1018 2025 1060 der
2054 1017 2274 1062 Heroiden
2308 1017 2383 1072 des
2412 1015 2547 1059 Ovid“
2573 1017 2726 1071 (Berol.

348 1094 773 1155 ,1881)‚p.532p‚„sq.,
814 1095 913 1139 cum
938 1089 1123 1146 :abrupte
1154 1090 1284 1140 verba
1313 1089 1478 1134 Mitius
1509 1089 1664 1132 inveni
1685 1101 1833 1145 usque
1864 1090 1918 1133 ad
1952 1103 2084 1145 petus
2115 1103 2235 1138 eram
2266 1091 2313 1136 in
2350 1090 2475 1133 initio
2519 1090 2728 1145 epistulae

358 1163 495 1222 posita
525 1177 620 1208 esse
631 1162 974 1226 ‘ssperspeitissets
990 1166 1134 1205 tamen‘
1163 1162 1383 1209 retinenda
1407 1175 1465 1204 ea
1495 1161 1577 1204 hoc
1605 1162 1699 1205 loco
1723 1175 1826 1213 esse
1856 1162 2063 1208 iudicavit
2093 1175 2181 1204 non
2211 1162 2288 1209 ille
2319 1162 2496 1217 quidem
2527 1162 2727 1203 artiorem

360 1237 576 1294 quandam
607 1234 953 1276 coniunctionem
993 1242 1091 1276 cum
1121 1234 1191 1276 eis
1222 1244 1333 1290 quae
1355 1237 1607 1289 sequuntur
1625 1233 2218 1291 ..intercedereratuQ-quae
2249 1234 2370 1275 nulla
2402 1237 2482 1287 est,
2523 1233 2598 1275 sed
2630 1237 2727 1275 ante

360 1309 441 1350 hoc
472 1306 684 1348 distichon
718 1305 827 1347 duos
859 1315 1009 1350 versus
1046 1306 1092 1355 in
1116 1307 1257 1353 (initio
1270 1313 1279 1345 .·
1290 1305 1503 1361 epistulae
1527 1306 1704 1361 ,positos
1727 1306 2011 1353 intercidisse
2051 1305 2280 1347 arbitratus
2322 1306 2428 1347 tales
2459 1305 2547 1348 fere
2580 1306 2727 1361 quales

354 1377 508 1427 adhuc,
534 1380 705 1434 exstant
732 1377 784 1426 in,
811 1377 1034 1435 veteribus¹
1060 1376 1330 1434 quibusdam
1367 1376 1635 1423 editionibus·
1666 1376 1833 1436 saeculi,
1855 1376 1941 1419 XV
1971 1375 2060 1420 Ιίἂι
2095 1376 2245 1421 relicta
2281 1376 2725 1433 feris·etz'‹zvn,nuroe‚

343 1448 767 1505 ,improbefflhwem
809 1448 950 1495 Vivit:
983 1453 1025 1504 ει
1053 1449 1325 1505 haee-‚aequa
1354 1452 1498 1497 mente
1534 1448 1686 1499 troili-sse
1718 1448 1835 1497 velie.
1886 1448 2143 1512 -Impetrare
2174 1463 2199 1491 a
2232 1460 2299 1493 me
2329 1462 2417 1499 non
2454 1462 2653 1505 possum,
2680 1454 2727 1502 ut

343 1523 453 1571 ‘viro
482 1521 730 1573 ¹doctissimo
762 1526 818 1573 et
834 1523 1107 1578 sagacissimo
1138 1523 1185 1564 in
1215 1522 1298 1563 hac
1327 1534 1374 1567 re
1388 1561 1390 1563 .
1404 1523 1622 1568 assentiar.
1666 1521 1776 1565 Nam
1809 1521 1854 1567 id
1887 1521 2061 1576 quidem
2092 1522 2197 1570 mihi
2222 1522 2350 1564 -facile
2381 1522 2593 1582 persuasit
2617 1521 2725 1571 illud

343 1593 570 1658 ,distichon
603 1606 698 1642 ¹non
739 1606 841 1645 esse,
856 1592 1217 1645 ;,abiudic·andum
1247 1592 1313 1635 -ab
1355 1592 1551 1648 Ovidio„
1566 1606 1848 1648 quamquam,
1875 1594 1927 1637 ⁴si
1951 1592 2148 1648 abesset,
2175 1594 2360 1642 >minime
2385 1593 2724 1636 desideraretur.

344 1648 484 1717 Quod
514 1669 656 1711 autem
687 1665 817 1717 aliud
838 1666 877 1712 ei
897 1666 1120 1716 distichon
1159 1664 1359 1721 praefigi
1380 1666 1492 1720 vult,
1537 1665 1644 1721 quid
1684 1666 1746 1715 sic
1778 1664 1985 1710 efficimus
2024 1666 2108 1707 nisi
2141 1671 2190 1707 ut
2220 1667 2304 1709 iam
2336 1678 2424 1707 non
2453 1677 2611 1720 unum,
2628 1666 2725 1708 sed

357 1737 443 1787 duo
476 1736 672 1791 disticha
685 1738 733 1780 in
757 1738 879 1788 ini-tio
905 1737 1111 1803 epistulae
1134 1737 1273 1794 posita
1303 1749 1416 1786 esse
1427 1738 1538 1784 inter
1568 1750 1615 1780 se
1644 1737 1721 1785 illa
1752 1736 1941 1793 quidem
1958 1737 2188 1780 coniuncta
2219 1737 2295 1780 sed
2327 1741 2533 1789 contextu
2559 1742 2600 1780 et
2625 1750 2725 1781 con-

344 1810 611 1859 .tinuatione
619 1811 826 1860 ser-monis
851 1811 1007 1871 reliqua
1032 1796 1251 1859 qarentia?
1284 1810 1370 1856 Sed
1393 1810 1472 1855 hoc
1496 1810 1718 1855 Vahlenus
1743 1810 1916 1853 videtur
1941 1810 2125 1854 duorum
2151 1811 2362 1859 malorum
2394 1811 2549 1855 levius
2564 1816 2726 1867 putare,

343 1884 523 1939 quippe
550 1884 625 1938 qui
656 1883 852 1927 versibus
886 1887 943 1926 1..
960 1885 988 1928 2
1029 1888 1139 1939 post
1155 1896 1326 1929 versum
1360 1884 1386 1925 6
1418 1884 1592 1939 positis
1606 1884 1945 1933 sententiarum
1956 1896 2169 1933 conexum
2212 1883 2400 1926 turbari
2414 1884 2536 1927 dicat
2599 1883 2724 1934 Quod

355 1968 476 2005 numi
492 1956 659 2013 Verumj
684 1956 755 2010 sit,
789 1956 882 2001 ,iam
914 1956 1147 1999 videamus.
1208 1955 1333 1998 Haec·
1365 1956 1553 1999 Ariadne
1589 1955 1749 2009 Theseo
1791 1956 1958 2000 scribit:
2004 1955 2147 2010 „Quae
2178 1957 2313 2012 legis,
2341 1956 2524 2010 Theseu,
2565 1956 2618 2008 ab
2650 1957 2723 1998 illo

339 2015 602 2077 ‚tibi-litore
619 2040 698 2083 ego
714 2029 870 2081 ,mittoq
902 2028 1018 2082 quod
1050 2024 1242 2076 sinem‘e
1272 2028 1483 2083 reliquisti
1513 2029 1615 2084 (vv.⁴
1632 2030 1671 2071 3.
1689 2028 1771 2082 ,4);
1813 2028 1886 2074 ubi
1917 2041 2067 2075 somno
2099 2042 2212 2081 meo,
2243 2034 2317 2070 tua
2347 2028 2525 2084 perfidia
2556 2029 2724 2084 prodita

343 2087 570 2154 ‚sumsffffi
597 2101 636 2148 5.
670 2100 722 2152 6).
768 2096 988 2144 ,Μιιιοι-θς
1008 2112 1137 2155 quam
1169 2104 1210 2142 te
1241 2101 1368 2148 etiam
1398 2099 1509 2142 feras
1541 2101 1742 2155 cognovi:
1788 2101 1948 2147 nemini
1989 2101 2112 2158 peius
2144 2100 2304 2147 credita
2334 2113 2452 2143 eram
2480 2115 2613 2156 quam
2646 2101 2723 2143 tibi

345 2171 411 2224 v(v.
442 2172 478 2211 1.
500 2170 562 2225 2).
612 2170 748 2219 Mane-
765 2176 856 2213 erat
880 2175 921 2214 et
943 2185 982 2227 q.
1003 2185 1034 2213 S.
1055 2172 1137 2226 (vv.
1161 2174 1184 2214 7
1209 2172 1352 2227 sqq.).“
1401 2171 1628 2227 Nusquam
1661 2185 1739 2227 ego
1772 2184 1984 2218 conexum
2017 2173 2327 2217 sententiarum
2358 2172 2521 2215 turbari
2546 2186 2723 2228 possum

354 2228 702 2284 animadvertere.
751 2243 902 2285 Thesei
934 2244 1243 2297 crudelitatem,
1276 2245 1351 2298 qui
1384 2244 1662 2286 dormientem
1694 2257 1739 2285 se
1772 2245 2030 2297 destituerit,
2057 2245 2253 2291 'Ariadne
2279 2247 2474 2299 queritur
2498 2246 2722 2289 immanio-

354 2324 532 2366 remque
571 2325 664 2355 esse
704 2314 929 2357 beluarum
968 2315 1132 2357 feritate
1173 2316 1291 2367 dicit,
1332 2314 1490 2369 quibus
1529 2306 1645 2356 nunc
1685 2316 1852 2369 prodita
1893 2316 1949 2357 sit
1991 2320 2032 2357 et
2070 2316 2267 2369 proiecta.
2340 2316 2405 2357 Ita
2445 2317 2636 2358 Ariadne
2678 2318 2722 2358 in

356 2384 603 2425 memoriam
645 2385 737 2425 eius
778 2387 981 2439 temporis
1018 2387 1146 2440 redit,
1187 2402 1275 2440 quo
1313 2388 1499 2441 primum
1539 2391 1784 2440 experrecta
1815 2401 1860 2428 se
1892 2387 2027 2428 solam
2060 2401 2235 2436 esseae
2276 2388 2523 2436 destitutam
2564 2390 2722 2430 sensim

354 2457 611 2510 cognoverit.
1022 2470 1025 2473 ⁴
1394 2468 1397 2472 ’

570 2623 647 2665 XI
679 2623 768 2665 103
800 2635 868 2678 sq.
935 2624 1044 2665 Tolle
1068 2612 1238 2681 pmewl,
1271 2626 1449 2682 decepte,
1481 2626 1608 2681 faces,
1643 2626 1885 2682 Hymenae,
1917 2614 2106 2667 maritas

1048 2696 1110 2736 Et
1135 2696 1243 2752 fuye
1276 2697 1448 2737 turbato
1482 2701 1587 2738 tecta
1618 2698 1829 2753 nefanda
1840 2700 1967 2760 pede.
1967 2701 1979 2725 '
2041 2696 2043 2699 ’

339 2831 348 2840 ,
470 2832 505 2859 ,,
570 2789 735 2833 Vereor
765 2803 819 2848 ne
844 2790 1061 2834 audacius
1102 2790 1262 2848 egssse
1264 2763 1503 2840 existimer
1544 2793 1610 2836 his
1649 2793 1794 2837 verbis
1834 2794 1880 2836 in
1925 2795 2213 2851 suspicionem
2248 2795 2432 2850 vocatis,
2477 2797 2519 2838 in
2564 2795 2723 2854 quibus

356 2842 532 2912 offensio
547 2844 684 2919 n‘ulla
720 2853 859 2905 inesse
891 2862 1086 2906 videtur..
1131 2864 1197 2905 Ac
1228 2862 1372 2915 tamen
1409 2857 1547 2908 facere
1578 2878 1666 2915 non
1697 2879 1893 2922 possum,
1937 2867 2042 2925 quin
2080 2859 2325 2927 proferam
2331 2867 2376 2910 id
2417 2868 2533 2935 quod
2575 2869 2721 2911 sentio

356 2929 658 2989 Hymenaeum
691 2924 853 2977 Canace
883 2921 1032 3007 fugere
1062 2930 1172 2977 tecta
1210 2921 1395 2994 nefanda
1424 2927 1543 2978 iubet
1575 2950 1613 2979 v.
1644 2938 1751 2981 104:
1799 2927 1980 2980 similem
2019 2935 2235 3001 notionem
2267 2938 2415 2982 foedae
2446 2939 2630 2983 alicuius
2662 2941 2723 2983 rei

354 3006 398 3047 in
416 3006 680 3070 hexametro
719 2998 923 3050 desidero.
995 3007 1059 3077 De
1099 3020 1199 3069 ense
1238 3003 1380 3072 agitur
1415 3009 1516 3052 inde
1548 3022 1573 3052 a
1603 3022 1642 3052 v.
1671 3011 1726 3053 97
1760 3010 1812 3053 ab
1854 3011 1988 3054 Aeolo
2030 3011 2142 3054 filiae
2182 3023 2257 3075 per
2297 3008 2520 3055 satellitem
2557 3012 2723 3068 tradito,

341 3073 481 3147 quo
477 3072 533 3124 ex
564 3062 714 3144 merito
744 3075 807 3151 ιιιι
827 3075 1032 3147 iubetur:
1066 3080 1200 3134 haec,
1206 3081 1382 3153 inquit.
1388 3077 1480 3135 illa,
1513 3081 1589 3123 dos
1621 3076 1716 3124 mea
1746 3078 1844 3124 est'?
1877 3087 1969 3124 tum
2001 3085 2062 3125 sic
2093 3096 2186 3124 eam
2217 3095 2398 3145 pergere
2417 3086 2629 3140 suspicor:

839 3210 843 3215 ,
931 3163 1043 3207 Tolle
1067 3165 1229 3221 procul
1255 3150 1313 3208 de
1343 3165 1504 3207 caede
1531 3164 1661 3227 faces,
1695 3149 1959 3227 Hymenaee,
1992 3167 2178 3212 maritas

904 3272 907 3277 ,
963 3290 965 3293 ¹
1026 3234 1111 3297 Εἰ
1139 3234 1253 3300 fuqe.
1277 3236 1449 3285 turbato
1483 3239 1591 3282 tecta
1619 3237 1817 3307 nefanda
1843 3238 1978 3298 pede!

2435 3370 2489 3410 2*
