3030 3723
324 146 352 205 ἐ

325 283 468 326 Attica
498 284 545 326 in
575 282 796 326 Thraciam
828 283 1010 338 reditus,
1051 296 1141 328 non
1173 270 1367 329 eiusdem
1407 271 1585 341 profecti
1614 273 1661 329 in
1690 271 1912 331 Thraseam
1951 277 2028 333 sed
2058 277 2299 334 vehementi
2334 280 2521 347 procella
2554 275 2703 337 reiecti

324 355 369 396 in
395 355 585 397 Atticam
616 355 780 397 reditus
806 355 1095 412 significetur:
1130 369 1231 414 nam
1262 361 1364 399 noto
1396 357 1488 416 sive
1513 361 1659 400 austro
1686 357 1893 400 utendum
1920 363 2013 402 erat
2037 360 2349 419 Demophoonti
2376 362 2430 405 ad
2455 361 2702 419 Phyllidem

323 439 448 469 suam
478 439 725 482 reversuro,
764 440 906 483 neque
936 428 1109 471 videtur
1141 427 1326 471 Ovidius
1364 432 1488 471 notos
1519 442 1596 485 pro
1628 429 1768 473 ventis
1797 430 2014 487 posuissem
2061 433 2209 478 eadem
2241 438 2383 479 autem
2415 434 2482 478 vis
2511 434 2626 480 inest
2655 437 2700 480 in

322 499 532 542 adiectivo
557 498 668 553 alba,
697 500 812 556 quod
839 500 920 543 hoc
944 501 1039 543 loco
1065 514 1151 543 non
1179 504 1266 543 tam
1291 504 1549 558 perpetuum
1573 502 1793 559 epitheton
1819 502 2014 546 velorum
2040 506 2105 547 est
2126 505 2206 560 (ita
2229 507 2516 552 Ruhnkenius
2542 507 2701 553 dictata

321 572 374 613 ad
408 571 485 614 Ov.
518 571 733 615 Heroides
766 573 829 616 ed.
864 572 1147 615 Friedemann
1179 586 1219 629 p.
1250 573 1324 629 11)
1358 587 1487 629 quam
1518 573 1692 629 fausta,
1729 575 1834 618 boni
1864 575 2030 618 ominis
2061 576 2154 618 vela
2184 577 2428 632 significare
2459 593 2557 624 cum
2588 580 2701 624 Bur.

320 656 479 686 manno
518 645 780 700 putaverim;
825 643 1062 700 postremo',
1083 645 1227 700 ipsimi
1269 658 1443 709 quoque
1483 645 1664 694 verbum
1700 645 1860 694 ‘notavi
1902 659 2053 695 vereor
2091 660 2147 691 ne
2181 660 2257 704 pro
2291 652 2456 705 putavi
2496 652 2581 696 dici
2612 651 2698 695 tion

319 717 518 770 potuerit.
582 716 949 771 Animadvertere‚
981 718 1073 759 suis
1105 717 1242 759 oculis
1269 717 1414 759 videre
1447 717 1605 760 dicitur
1635 717 1822 772 Phyllis,
1854 720 1891 761 si
1922 719 2049 761 modo
2079 719 2236 762 notavi
2264 720 2435 783 legitur,
2465 726 2579 789 notis
2604 724 2701 773 alba

320 788 440 829 vela·
447 789 612 850 sppnsi
617 787 845 852 redeuntis
877 788 1058 850 referris
1053 801 1219 843 neque
1246 789 1373 844 ahud
1401 789 1661 855 quidquam
1672 793 1749 845 aut
1767 790 2012 849 yoluerunt
2042 794 2117 846 aut
2134 790 2258 848 ynlle
2286 796 2522 855 potnerunt
2552 784 2616 847 ei
2622 797 2699 852 'qui

314 859 480 914 putavi
510 851 694 902 scribere
726 840 982 903 maluerunt.
1045 859 1138 903 Ι3ῐιι
1171 853 1272 904 vero
1305 873 1384 903 cur
1415 861 1505 903 noti
1532 860 1762 916 procellosi
1794 857 2004 916 dicantur,
2035 862 2081 905 ιιι
2114 854 2245 906 dubio
2276 858 2548 920 relinquitur.
2588 864 2698 909 Ν3ιιι

319 935 368 973 ut
399 936 501 974 noto
541 946 649 987 opus
687 936 777 974 erat
814 931 1129 988 Demophoonti
1168 934 1212 974 in
1249 933 1470 974 Thraciam
1509 934 1752 988 naviganti,
1793 935 1851 976 ita
1886 934 2124 989 procelloso
2161 938 2262 977 noto
2299 933 2492 989 Phyllidi
2530 950 2700 993 sperare

318 1017 404 1045 non
438 1005 560 1046 licuit
596 1004 687 1046 fore
719 1008 767 1046 ut
805 1004 1094 1046 reduceretur.
1168 1004 1285 1046 Nihil
1323 1005 1458 1060 igitur
1496 1005 1691 1059 efficitur,
1733 1006 1769 1047 si
1809 1010 2111 1062 comparantur
2148 1005 2348 1062 nubiferi
2384 1007 2483 1049 noti
2513 1008 2597 1062 III,
2629 1010 2699 1063 58,

314 1076 577 1131 praeeipetes
602 1076 701 1117 noti
720 1077 925 1131 Am.1,7,
949 1078 1015 1130 16,
1040 1076 1182 1118 rabies
1207 1076 1317 1130 noti,
1344 1090 1430 1132 quo
1455 1090 1547 1119 non
1573 1076 1738 1118 arbiter
1750 1076 1947 1130 Hadriae
1971 1076 2115 1119 maior
2133 1077 2236 1120 Hor.
2259 1091 2385 1122 carm.
2409 1079 2442 1133 Ι,
2468 1080 2508 1134 3,
2534 1082 2589 1123 14
2606 1093 2698 1136 sqq.

319 1147 471 1210 Itaque
502 1161 600 1189 cum
642 1149 732 1189 noti
774 1147 1140 1213 Demophoontem
1175 1148 1228 1190 ad
1261 1148 1505 1212 Phyllidem
1547 1149 1701 1190 reverti
1744 1150 1971 1204 patiantur,
2012 1150 2237 1205 procellosi
2278 1151 2368 1192 noti
2408 1155 2572 1205 vetent,
2613 1151 2700 1193 leni

317 1231 396 1272 ego
423 1207 659 1260 mutatione
684 1208 761 1274 pro
790 1208 943 1261 notaii
966 1223 1070 1274 puto
1096 1219 1254 1273 neyaii
1280 1207 1573 1272 scribendum,
1601 1219 1717 1274 quod
1744 1220 1906 1262 librarii
1932 1233 2075 1263 errore
2100 1220 2231 1263 finem
2255 1224 2510 1276 pentametri
2531 1223 2690 1277 (notos)

317 1292 613 1346 prospicientis
644 1280 768 1335 facile
799 1304 877 1333 suo
910 1291 1002 1344 loco
1036 1291 1253 1333 demoveri
1285 1292 1440 1347 potuit,
1460 1304 1534 1333 ac
1551 1295 1691 1333 totum
1723 1292 1865 1333 locum
1898 1292 1958 1334 ita
1989 1292 2344 1347 distinguendum
2376 1305 2492 1335 esse:

899 1352 1034 1419 Saepe
1065 1363 1140 1419 fui
1170 1352 1359 1405 meridaoe
1386 1376 1470 1419 pro
1504 1366 1541 1405 te
1572 1363 1713 1406 mihi:
1746 1377 1873 1419 saepe
1903 1364 2114 1420 neyaii

1016 1435 1128 1478 Alba
1154 1425 1413 1492 proeetlosos
1445 1436 1538 1478 cela
1568 1435 1730 1491 referre
1760 1439 1914 1487 notos,-

900 1506 1059 1549 Thesea
1089 1507 1252 1561 devovi,
1281 1507 1395 1563 quia
1427 1510 1465 1549 te
1495 1507 1714 1549 dimittere
1746 1507 1878 1549 nollet

1022 1578 1128 1635 (Nee
1160 1579 1305 1621 tenuit
1334 1593 1492 1621 cursus
1523 1578 1718 1634 forsitan
1748 1578 1821 1621 ille
1854 1579 1970 1634 tuos)
1984 1596 1999 1631 ,-

808 1652 862 1693 15
897 1650 1129 1693 Interdum
1163 1651 1309 1704 timui,
1342 1666 1409 1705 rie,
1443 1651 1550 1693 dum
1582 1651 1694 1693 vada
1727 1650 1869 1693 tendis
1900 1651 1958 1693 ad
1976 1651 2137 1705 ,Hebri

939 1710 943 1715 ’
1005 1722 1164 1765 ·Mersa
1194 1722 1309 1777 soret
1338 1736 1451 1765 eana
1481 1722 1708 1777 naufraya
1734 1722 1907 1778 puppis
1938 1736 2069 1778 aqua.

315 1792 397 1833 His
437 1794 552 1834 enim
590 1794 787 1859 versibus
829 1795 1106 1836 continentur
1144 1808 1194 1854 ea
1233 1805 1345 1848 quae
1376 1794 1563 1846 Phyllis,
1608 1808 1663 1836 ne
1700 1794 2066 1849 Demophoontem
2107 1795 2329 1848 periurum
2368 1798 2410 1836 et
2444 1794 2696 1837 mendacem

316 1868 502 1919 putaret,
540 1850 676 1920 ipsam
715 1865 797 1908 sibi
838 1866 1059 1910 mentitam
1100 1880 1193 1909 esse
1235 1866 1348 1909 dicit.
1422 1865 1576 1909 Omnia
1617 1865 1768 1909 maluit
1809 1865 1982 1909 credere
2022 1880 2149 1921 quam
2191 1864 2403 1931 perfidum
2435 1864 2558 1908 illum
2591 1878 2697 1919 esse,

315 1936 359 1977 in
394 1940 521 1991 quem
553 1940 615 1978 tot
647 1940 689 1979 et
719 1939 838 1979 tanta
878 1937 1086 1980 beneficia
1126 1938 1385 1990 contulerat3
1429 1938 1575 1993 itaque
1607 1951 1631 1979 a
1662 1936 1896 1980 levioribus
1935 1938 2094 1992 causis,
2139 1936 2297 1992 quibus
2336 1949 2434 1979 eum
2471 1936 2611 1979 redii-e
2642 1936 2696 1978 ad

316 2008 516 2064 sponsam
548 2009 768 2065 prohiberi
796 2002 929 2065 putat,
962 2010 1015 2052 ad
1047 2012 1264 2065 graviores
1296 2022 1479 2065 pergens
1511 2011 1696 2065 primum
1724 2009 1891 2063 Phyllis
1915 2009 2129 2065 procellas
2161 2009 2281 2051 affert
2310 2009 2516 2064 'navigare
2540 2007 2695 2050 Demo-

314 2081 544 2136 phoontem
589 2086 800 2136 vetantes,
853 2082 1011 2125 deinde
1041 2082 1219 2135 Thesea,
1280 2086 1442 2138 patrem
1487 2083 1598 2135 eius,
1648 2081 1727 2124 filii
1772 2081 1971 2137 precibus
2015 2085 2146 2137 atque
2200 2082 2354 2137 optatis
2407 2080 2695 2135 obsistentem,

314 2158 538 2209 postremo,
571 2155 613 2196 id
642 2155 757 2210 quod
783 2154 1086 2211 gravissimum
1120 2159 1184 2197 est
1216 2142 1609 2210 miserrimumque,
1643 2154 1917 2210 naufragium
1948 2167 1997 2196 ac
2023 2158 2201 2196 mortem
2227 2154 2533 2207 adulescentis,
2566 2166 2695 2209 quem

315 2228 368 2268 ad
395 2241 440 2269 se
466 2228 716 2270 redeuntem
749 2229 874 2283 aquis
901 2215 1101 2270 haustum
1121 2241 1220 2270 ‘esse
1248 2241 1375 2282 quam
1403 2228 1585 2288 violasse
1610 2227 1739 2269 fidem
1766 2228 1929 2269 mavult
1961 2227 2141 2269 credere.
2204 2226 2323 2269 Haec
2345 2227 2509 2280 emnia,
2540 2227 2695 2281 inquit,

316 2313 369 2342 ne
402 2300 618 2343 crederem
651 2304 692 2343 te
724 2301 949 2356 periurum.
985 2287 1094 2354 esse,
1135 2300 1178 2342 id
1213 2300 1329 2355 quod
1371 2301 1456 2342 iam
1496 2299 1661 2355 pridem
1702 2312 1955 2355 persuasum
1996 2298 2153 2342 habere
2193 2297 2417 2353 debebam,
2458 2298 2563 2340 mihi
2595 2312 2690 2340 sum

314 2364 530 2415 mentitas
970 2414 973 2417 ,

531 2444 685 2489 ννΏ21
706 2460 783 2501 sq.
891 2444 1092 2501 Denique
1123 2445 1244 2500 fidus
1275 2459 1402 2487 amor
1432 2444 1651 2501 quidquid
1675 2443 2022 2500 properantibus
2046 2443 2216 2486 'obstatr

529 2554 531 2556 .
1013 2517 1186 2570 Finxit,
1220 2521 1261 2559 et
1290 2517 1349 2559 ad
1377 2531 1534 2559 eausa-s·
1565 2517 1797 2572 i‘nyerziosa
1827 2516 1914 2572 fui.

313 2590 466 2642 Neque
498 2591 636 2643 potuit
668 2590 836 2642 Phyllis
868 2591 953 2631 nisi
985 2591 1112 2644 longa
1142 2591 1394 2644 interposita
1423 2603 1543 2631 mora
1575 2604 1600 2630 a
1630 2602 1676 2631 se
1707 2591 1952 2643 impetrare,
1983 2593 2031 2630 ut
2061 2589 2177 2629 nolle
2197 2575 2363 2629 “reverti
2395 2575 2692 2641 Demophoon—

313 2666 396 2703 tem
432 2662 718 2703 existimaret:
754 2666 796 2704 at
827 2676 944 2704 nunc
976 2665 1241 2717 perspectam
1274 2662 1366 2704 eius
1397 2661 1620 2716 perfidiam
1654 2660 1783 2703 habet
1813 2662 1896 2714 (vv,
1924 2662 1981 2703 25
2008 2659 2087 2715 sq.)
2165 2682 2167 2684 ·
2196 2682 2204 2688 ·

894 2734 1191 2789 Demophoon,
1225 2734 1367 2776 ventvs
1399 2738 1439 2776 et
1471 2733 1597 2776 verba
1628 2737 1669 2776 et
1699 2734 1792 2776 vela
1824 2733 2008 2775 dedisti.-

1023 2806 1123 2848 Vela
1154 2821 1312 2861 queror
1344 2806 1501 2858 reditu,
1535 2805 1670 2871 verba
1695 2819 1837 2847 carere
1867 2804 1968 2859 fide.

312 2877 543 2932 Reliquum
577 2882 658 2931 est,
693 2882 740 2919 ut
772 2892 970 2919 moneam
1002 2879 1046 2919 iu
1078 2878 1151 2919 illo
1188 2891 1284 2920 vers
1286 2892 1315 2919 ιι
1347 2877 1611 2920 restituendo
1644 2892 1669 2919 a
1691 2877 1846 2919 codice
1884 2876 1915 2919 P
1946 2890 2025 2919 nos
2058 2876 2199 2929 defici,
2234 2877 2393 2931 quippe
2426 2876 2502 2930 qui
2534 2875 2635 2917 inde
2667 2889 2692 2917 a

312 2964 441 2991 versu
469 2955 622 3005 quarto
650 2951 814 2991 decimo
842 2951 1017 2992 alterius
1044 2951 1252 3010 epistulae
1277 2951 1464 3005 incipiat.
1513 2949 1727 2991 Librarios
1753 2953 1914 3003 autem,
1948 2950 2022 3004 qui
2050 2948 2203 2990 notavi
2227 2949 2295 2990 vel
2322 2948 2486 3004 putari
2510 2948 2688 2990 verbum

311 3024 603 3074 inseruerunt,
636 3027 831 3077 apertum
864 3028 927 3064 est
952 3022 1025 3064 vy.
1058 3025 1142 3064 125
1175 3037 1237 3078 sq.
1264 3023 1524 3077 respexisse:

891 3094 952 3136 Et
982 3108 1280 3150 quaecumque
1306 3094 1466 3149 procul
1495 3093 1719 3135 renieutia
1751 3093 1886 3135 lintea
1918 3093 2023 3147 vidi,

946 3173 950 3182 ¹
1010 3166 1226 3209 Protinus
1257 3166 1336 3209 illa
1369 3180 1482 3208 meos
1513 3162 1710 3222 auquror
1741 3180 1829 3209 esse
1862 3166 1971 3220 deo-9,

311 3239 385 3281 ubi
427 3239 592 3293 Phyllis
624 3239 668 3281 id
702 3251 747 3281 se
779 3238 912 3281 etiam
950 3252 1074 3280 nune
1112 3239 1250 3282 facere
1292 3239 1411 3292 dicit,
1452 3239 1568 3294 quod
1608 3239 1670 3281 illi
1701 3251 1828 3294 saepe
1858 3252 1904 3282 se
1943 3238 2096 3294 fecisse
2129 3252 2197 3280 vv
2236 3240 2294 3280 11
2326 3251 2386 3294 sq.
2421 3238 2565 3280 dicere
2596 3244 2689 3279 eam

310 3311 473 3355 volunt.
