3030 3723
2667 123 2721 164 19

348 247 506 301 quitur
536 245 778 287 infinitivus
814 245 973 299 passivi
1014 243 1186 284 neas-een·
1225 245 1504 300 suppleretur.
1578 242 1804 297 Ingeniose
1844 242 1915 282 ille
1958 242 2130 295 quidem
2171 243 2282 283 hanc
2322 242 2663 283 emendationem
2699 255 2722 282 e

348 319 544 359 codicum
577 318 787 371 scriptura.
819 317 965 357 elicuit
996 317 1186 370 aliasque
1225 316 1457 357 nonnulla-s
1495 315 1654 356 formas
1695 314 1935 366 singulares
1973 318 2046 354 aut
2079 313 2289 355 obsoletas
2322 314 2375 354 ab
2409 312 2562 354 Ovidio
2598 327 2721 354 usur-

347 394 467 446 patas
504 389 784 444 comparavit:
831 388 1084 431 dinm’semfsse
1121 389 1216 431 Am.
1252 386 1309 441 II,
1346 389 1385 434 7,
1413 387 1462 437 23
1504 387 1568 439 13,
1604 386 1684 436 28;
1729 383 1885 425 moriri
1924 384 2091 426 Metam.
2130 384 2249 438 XIV,
2287 387 2386 428 215.
2451 384 2540 427 Nec
2579 389 2720 426 tamen

348 463 470 504 facile
496 477 521 504 a
552 462 676 504 nobis
709 462 1047 518 impetrabimus,
1093 466 1139 504 ut
1170 461 1288 502 illam
1320 458 1499 500 formam
1532 458 1635 500 alibi
1670 471 1754 498 non
1789 460 2028 499 exstantem
2060 462 2206 512 poetae
2240 457 2349 499 ultro
2382 457 2649 499 inculcemus
2683 461 2723 498 et

350 536 473 590 quasi
512 535 798 578 obtrudamus.
863 535 946 577 Sed
986 535 1219 589 quaeritur,
1260 545 1365 573 num
1405 544 1450 572 re
1491 545 1589 572 vera
1633 531 1785 584 tradita
1830 532 2041 586 scriptura
2080 530 2285 584 explicari
2322 545 2406 572 non
2450 531 2593 585 possit.
2658 530 2722 571 Ae

349 608 632 649 Ruhnkenius
659 609 849 662 quidem,
882 611 1107 662 postquam
1141 605 1193 646 de
1224 604 1299 645 illa
1326 603 1612 657 explicatione
1646 602 1774 655 dixit,
1809 617 1890 657 qua
1920 603 2071 644 volunt
2098 616 2186 656 qva
2211 602 2413 655 seqnitur
2439 602 2551 645 idem
2579 602 2722 644 valere

350 684 478 735 atque
504 695 592 734 qua
616 679 743 735 faee‘le
768 682 842 732 est,
878 678 976 732 „sed
1002 678 1178 729 rectius,
1210 676 1370 730 inquit,
1404 674 1528 717 Gesn.
1555 675 1673 718 Thes.
1701 673 1744 716 L.
1773 674 1815 717 L.
1845 688 1881 716 v.
1908 688 2066 730 sequor
2093 676 2136 716 in
2163 673 2293 716 verbo
2319 674 2521 728 sequitur
2546 674 2721 717 retrahit

350 753 660 795 nominativum
687 752 846 808 pudor.
900 748 1011 791 Nam
1043 748 1184 803 pudor
1214 746 1428 801 sequitur,
1466 747 1580 789 velut
1611 748 1861 788 innuentem
1894 752 1966 788 aut
1993 747 2252 788 vocantem.“
2305 745 2442 795 Quam
2476 746 2722 801 explicatio-

350 836 446 866 nem
479 837 616 866 meam
648 824 756 865 facio
783 834 870 864 non
903 824 1052 872 totam,
1086 819 1161 861 sed
1188 820 1461 874 interpretor:
1496 818 1697 874 sequitur
1723 819 1808 860 scil.
1838 819 1985 873 pudor
2017 819 2262 873 (amorem).
2312 818 2480 873 Itaque,
2513 819 2547 859 si
2576 820 2722 862 mavis.

350 898 475 939 etiam
508 880 568 939 sio
601 896 731 939 verba
762 896 1060 949 interpungas:
1123 890 1220 941 Qua
1253 891 1349 933 lieet
1380 894 1419 933 et
1448 892 1651 946 seqnitur
1677 891 1835 946 pudor,
1870 895 1931 932 est
1965 891 2211 932 miscendus
2243 891 2399 932 amori.
2467 890 2560 931 Hoc
2593 891 2724 946 igitur

351 968 542 1011 Phaedra
575 969 677 1011 dicit
709 967 916 1022 pudorem
950 967 1024 1005 aut
1057 965 1229 1005 omnino
1263 977 1348 1005 non
1383 969 1456 1005 aut
1496 978 1589 1006 raro
1623 976 1811 1005 amorem
1845 965 1984 1018 sequi,
2026 964 2231 1019 pudorem
2265 976 2363 1004 cum
2398 975 2540 1004 amore
2573 976 2721 1018 parum

351 1042 587 1083 convenire.
653 1037 842 1082 Conferri
877 1036 972 1077 volo
1005 1034 1090 1076 XV
1128 1036 1208 1077 121
1245 1034 1343 1076 Note
1383 1035 1567 1076 renium!
1598 1035 1646 1075 in
1681 1035 1792 1075 ‘idem
1825 1035 1969 1090 pudor
2000 1039 2129 1089 atque
2161 1049 2296 1075 amor.

565 1184 603 1226 V
636 1182 690 1224 37
723 1192 790 1234 sq.
923 1181 1116 1222 Attoniti
1149 1181 1335 1222 mze‘euere
1366 1180 1509 1232 sium,
1541 1180 1794 1234 ,tydidem-qne
1827 1181 2035 1231 cta-urrit,

1053 1253 1108 1294 {ft
1142 1253 1253 1294 milei
1283 1252 1494 1299 narrasti,
1528 1253 1666 1293 dura
1697 1266 1777 1307 per
1808 1266 1904 1292 ossa
1940 1255 2110 1293 tremor.

349 1329 467 1369 Haec
500 1327 692 1367 omnium
726 1325 931 1366 librorum
968 1326 1187 1367 retinenda
1222 1326 1325 1366 mihi
1358 1325 1530 1366 videtur
1560 1326 1693 1366 lectio
1738 1324 1819 1365 Sed
1850 1324 2068 1365 Palmerus
2103 1326 2144 1364 in
2180 1325 2297 1365 duris
2326 1326 2522 1365 Oenones
2555 1326 2724 1365 ossibus

350 1398 568 1438 offendens
609 1397 664 1436 [st
692 1397 803 1437 milei
829 1398 1036 1449 narrasti,
1071 1398 1190 1448 dure,
1221 1411 1301 1451 per
1326 1411 1422 1437 ossa
1458 1400 1617 1437 tremor
1642 1398 1882 1450 suspicatus
1916 1403 1995 1447 est,
2030 1397 2332 1448 Sedlmayerus
2360 1398 2589 1450 palmarem
2618 1398 2724 1437 hanc

349 1483 442 1510 esse
482 1470 821 1511 emendationem
864 1475 979 1510 ratus
1022 1472 1067 1509 in
1108 1474 1275 1510 textum
1319 1471 1493 1524 recepit,
1541 1470 1701 1509 Birtius
1744 1469 1948 1523 probavit.
2025 1469 2119 1509 Non
2165 1470 2288 1509 iustis
2330 1470 2488 1512 causis,
2531 1478 2579 1509 ut.
2620 1470 2721 1508 mihi

350 1543 530 1595 videtur,
564 1543 670 1582 dura
702 1543 917 1596 nymphae
949 1556 1044 1582 ossa
1077 1541 1127 1582 K.
1156 1542 1200 1581 P.
1235 1542 1461 1582 Sehulzius
1494 1542 1683 1581 defendit
1716 1542 1767 1581 de
1801 1541 1978 1580 Camilla
2011 1541 2255 1596 Vergiliana
2289 1542 2544 1581 admonens:
2582 1543 2724 1581 verius

350 1615 455 1654 mihi
487 1614 634 1654 videor
665 1615 689 1653 l.
718 1615 741 1654 l.
769 1628 806 1668 p.
836 1615 921 1655 403
950 1614 1185 1654 ostendisse
1210 1615 1302 1667 ipso
1329 1618 1510 1655 tremore
1538 1614 1681 1653 durari
1712 1612 1906 1654 Oenones
1934 1626 2027 1653 ossa
2062 1613 2442 1667 (unempfindle'ch,
2467 1612 2720 1666 yefilhllos).

566 1756 640 1800 IX
674 1758 736 1800 69
769 1769 837 1810 sq.
928 1756 980 1797 Si
1012 1760 1049 1799 te
1085 1757 1261 1798 vidisset
1292 1758 1411 1799 cultu
1448 1757 1627 1798 Busiris
1660 1757 1708 1798 iu
1746 1757 1840 1809 fsto,

1045 1829 1095 1869 H
1103 1842 1133 1869 ἠ
1149 1829 1196 1869 ic
1230 1829 1366 1870 vietor
1400 1829 1508 1870 ric-to
1542 1843 1694 1883 nempe
1724 1830 1962 1883 pudendas
1995 1831 2121 1870 eras!

350 1899 419 1941 Sic
463 1898 694 1941 Merkelius
727 1904 766 1940 et
807 1899 977 1940 Riesius
1019 1913 1071 1940 ex
1116 1901 1371 1954 optimorum
1414 1901 1608 1940 codicum
1652 1902 1854 1941 memoria
1896 1900 2062 1941 habent.
2138 1899 2410 1940 Deteriorum
2454 1901 2724 1954 quorundam

351 1970 555 2013 librorum
590 1971 881 2014 auctoritatem
915 1975 1087 2014 secutus
1130 1970 1432 2026 Sedlmayerus
1477 1971 1549 2013 Sis
1584 1970 1718 2013 victor
1750 1971 1891 2014 edidit.
1956 1970 2054 2013 Non
2089 1976 2194 2025 erat,
2230 1984 2308 2012 cur
2341 1974 2597 2012 mutaretur:
2642 1971 2722 2012 nisi

349 2042 455 2085 forte
488 2042 608 2085 Hinc
634 2044 762 2086 etiam
795 2044 969 2100 propius
1003 2056 1129 2099 quam
1164 2043 1283 2085 Hm'e
1315 2056 1336 2086 a
1370 2044 1520 2085 litteris
1554 2045 1596 2085 in
1631 2043 1824 2085 Parisino
1858 2043 2022 2085 traditis
2055 2043 2202 2085 abesse
2235 2054 2392 2085 censes.

568 2185 613 2227 X
646 2186 703 2229 25
737 2198 804 2240 sq.
924 2187 1055 2228 „llous
1087 2187 1204 2241 fnit:
1239 2191 1456 2242 apparent
1487 2187 1669 2241 frutices
1704 2187 1749 2226 in
1789 2187 1939 2227 restire
1973 2187 2088 2237 rari,-

1045 2259 1204 2299 Nnnc·
1235 2260 1441 2314 scopulus·
1476 2260 1621 2299 ram-is
1650 2261 1809 2314 pendet
1839 2260 1995 2299 adesus
2027 2260 2170 2313 aquis.

351 2329 412 2369 Ita
447 2329 686 2382 Parisinus,
728 2343 855 2383 quem
897 2331 1128 2373 Merkelius
1169 2337 1342 2372 secutus
1376 2337 1437 2372 est
1470 2345 1545 2371 ne<¹
1589 2345 1675 2371 non
1720 2331 1942 2372 Palmerus
1983 2333 2215 2385 genuinam
2259 2332 2484 2372 lectionem
2525 2332 2727 2385 praebere

351 2402 600 2456 suspicatur.
652 2401 748 2441 Non
781 2406 893 2442 recte
925 2402 1096 2444 Riesius
1129 2408 1168 2444 et
1201 2404 1501 2456 Sedlniayerus
1535 2416 1584 2443 ex
1623 2403 1999 2458 Guelpherbytano
2036 2403 2154 2442 Him
2187 2417 2261 2457 pro
2296 2402 2428 2442 Num:
2463 2412 2726 2458 receperunt.

352 2473 466 2526 quod
499 2473 660 2513 Birtius
692 2473 897 2527 probavit.
961 2474 1160 2529 Explicat
1192 2480 1334 2516 autem
1369 2475 1609 2516 Palmerus:
1652 2475 1764 2515 (mm
1803 2488 1927 2514 mous
1959 2475 2052 2528 fuit
2090 2480 2145 2527 (r.
2168 2477 2267 2529 25),
2301 2476 2376 2515 sed
2409 2476 2595 2515 nonnisi
2626 2490 2720 2515 sco-

345 2545 484 2599 pulus·
518 2557 667 2584 manc
698 2548 911 2598 superest,
949 2549 1091 2585 monte
1126 2547 1365 2587 maximam
1402 2547 1448 2587 in
1479 2550 1648 2601 partem
1683 2547 1737 2586 ab
1772 2547 1905 2586 undis
1937 2548 2163 2601 dissipato,
2220 2546 2443 2595 Quomodo
2477 2547 2571 2587 fieri
2603 2554 2725 2601 potu-

351 2616 441 2670 erit,
475 2620 522 2657 ut
554 2616 714 2657 Birtius
749 2616 924 2671 diceret,
958 2618 993 2657 si
1026 2617 1270 2659 Palmerum
1304 2630 1593 2674 sequeremur,
1637 2618 1768 2659 Mons
1801 2619 1948 2673 fuerat
1980 2619 2209 2674 legendum
2243 2631 2352 2672 esse,
2393 2631 2477 2658 non
2513 2620 2727 2674 intellego.

352 2689 509 2743 quippe
541 2702 638 2730 cum
672 2694 861 2744 tempora
893 2692 1129 2744 praesentia
1161 2695 1391 2745 apparent,
1422 2693 1579 2746 pendet
1610 2698 1867 2747 sequautur:
1903 2705 2001 2747 ergo
2030 2705 2083 2731 ne
2110 2693 2247 2746 potuit
2275 2692 2449 2746 quidem
2477 2692 2559 2731 dici
2596 2692 2727 2730 Mom-

350 2758 509 2813 fuerat.
575 2759 665 2801 Nec
705 2760 801 2817 plus
842 2762 972 2802 altera
1015 2773 1140 2803 causa
1184 2763 1312 2816 valet,
1356 2775 1482 2818 quam
1525 2767 1670 2804 eontra
1712 2763 1957 2804 Palmerum
2000 2763 2301 2817 Sedlmayerus
2344 2763 2463 2804 affert
2506 2764 2725 2803 Ariadnen

351 2832 458 2873 scire
489 2846 613 2886 posse
646 2846 824 2888 negans,
859 2835 997 2889 qualis
1030 2836 1247 2889 superiore
1280 2841 1468 2890 tempore
1501 2837 1572 2877 ille
1604 2849 1728 2878 mons
1764 2837 1828 2877 vel
1863 2837 2065 2891 scopulus
2098 2836 2234 2878 fuerit.
2288 2837 2345 2877 At
2379 2849 2431 2877 ex
2467 2837 2571 2890 ipsis
2605 2837 2728 2877 fruti·

352 2901 472 2945 cibus
499 2904 577 2946 etsi
604 2906 711 2947 raris
737 2910 879 2948 tamen
912 2906 1050 2949 adhuc
1077 2907 1378 2961 apparentibus
1405 2907 1595 2950 Ariadne
1622 2908 1839 2963 cognoscit
1873 2913 2059 2951 montem
2092 2908 2191 2950 olim
2224 2907 2358 2951 fuisse
2390 2921 2508 2960 eum,
2542 2908 2614 2962 qui
2644 2908 2725 2950 iam

352 2974 555 3029 scopulus
587 2979 753 3019 tantum
788 2982 871 3028 est;
919 2978 1118 3021 observes
1152 2979 1278 3021 velim
1320 2978 1557 3021 ehiasmum
1601 2980 1673 3033 qui
1715 2980 1871 3022 dieitur
1910 2978 2058 3029 (Mons
2091 2978 2208 3033 fnit:
2251 2982 2470 3034 apparent
2502 2978 2721 3033 fruta-es).

352 3046 571 3106 Postremo
598 3048 781 3091 similem
807 3050 949 3092 locum
977 3051 1104 3093 affero
1133 3050 1183 3096 V.
1211 3052 1263 3095 61
1294 3066 1354 3105 sq.
1390 3050 1563 3105 Aspicit
1596 3050 1847 3093 immensum
1884 3052 2011 3093 moles
2046 3051 2195 3094 natira
2224 3051 2532 3106 J)t·0f·'nmlnm‚·
2570 3050 2624 3093 J!
2629 3066 2652 3093 0
2667 3067 2692 3092 n
2707 3071 2727 3090 κ

350 3119 496 3173 fuit:
539 3120 763 3175 aequoreis
794 3121 872 3163 illa
906 3123 1133 3165 resistit
1169 3124 1312 3178 aquis.
1380 3123 1560 3165 Prorsus
1592 3124 1741 3166 eadem
1774 3131 1835 3166 est
1868 3126 2093 3171 sententia,
2133 3124 2281 3166 eadem
2324 3125 2430 3166 ratio
2464 3132 2725 3178 temporum:

351 3205 429 3233 nec
455 3193 592 3247 potuit
617 3198 741 3247 poeta
767 3195 849 3235 alio
876 3200 1066 3250 tempore
1093 3197 1165 3237 uti.
1219 3197 1287 3237 An
1323 3197 1400 3237 hm-
1434 3209 1605 3251 quoque
1633 3197 1727 3238 loco
1756 3196 1835 3237 sibi
1863 3197 2091 3250 quisquam
2120 3197 2390 3251 persuadebit
2425 3196 2554 3237 Mons
2581 3195 2729 3250 fuerat

351 3268 500 3318 poetae
534 3265 763 3308 dicendum
796 3266 959 3310 fuisse?

2466 3352 2513 3386 3*
