3030 3723
937 596 1409 684 nonnius
1455 622 1923 679 annnam
2591 709 2594 711 v

321 744 426 837 Ad
471 760 701 838 ovidii
749 731 1106 861 Heroides
1123 818 1126 821 Α
1142 727 1633 851 quaestiones
1650 755 1966 829 criticae
1996 760 2076 830 et·
2115 753 2566 849 exegetica&

227 1241 230 1244 ,
476 1190 602 1242 Quod
632 1192 867 1247 superiore⁴
883 1204 1009 1246 anno,
1040 1204 1140 1233 cum
1172 1191 1225 1232 de
1255 1180 1659 1232 novissima20vidii
1691 1189 1930 1231 Heroidum
1963 1190 2149 1231 editione
2181 1191 2327 1231 critica
2358 1190 2412 1231 ab
2438 1189 2627 1231 Henrico

261 1262 750 1318 Stephano-Sedlmayer
772 1262 1295 1318 instituta-(Vindobonae
1310 1261 1443 1315 1886)
1469 1261 1678 1303 iudicium
1703 1260 1886 1303 facerem
1911 1262 1956 1302 in
1981 1262 2087 1303 actis
2112 1261 2380 1317 philologieis
2407 1261 2627 1316 (Gotting.)

260 1338 360 1378 tom.
393 1333 504 1377 XVI
537 1348 603 1390 pp.
639 1335 912 1387 398—-406,
952 1334 1129 1390 promisi
1170 1333 1255 1376 alia
1294 1345 1363 1375 me
1401 1332 1540 1375 oblata
1581 1333 1803 1374 occasione
1842 1332 2088 1387 propediem
2130 1332 2182 1374 de
2221 1332 2416 1388 pluribus
2456 1333 2627 1374 illorum

261 1409 504 1461 poematum
529 1405 645 1461 locis,
672 1405 724 1449 de
750 1405 906 1461 quibus
932 1409 1005 1449 aut
1031 1404 1303 1461 explicandis
1323 1408 1397 1447 aut
1420 1404 1700 1447 restituendis
1721 1403 1773 1446 ab
1800 1403 2034 1446 editoribus
2060 1405 2298 1446 carminum
2319 1403 2626 1446 Ovidianorum

262 1477 528 1532 dissiderem,
561 1478 664 1534 quid
695 1479 786 1534 ipse
818 1479 1020 1521 sentirem
1052 1478 1353 1534 expositurum
1363 1492 1370 1513 1
1383 1477 1606 1531 esse,.hoc
1636 1477 1736 1518 iam.
1754 1489 1925 1518 servare
1957 1476 2062 1518 mihi
2093 1478 2136 1517 in
2170 1477 2311 1518 animo
2344 1480 2417 1518 est.
2471 1476 2628 1518 Omitto

262 1554 402 1592 autem
441 1553 572 1592 totam
610 1550 724 1592 illam
759 1550 811 1592 de
842 1550 1008 1605 origine
1048 1550 1336 1605 epistularum·
1371 1550 1683 1604 quaestionem,
1726 1548 1779 1590 de
1811 1562 1912 1603 qua·
1928 1549 2119 1590 nondum
2153 1553 2263 1590 certe
2295 1561 2419 1603 posse
2451 1549 2628 1590 iudicari

261 1621 366 1664 mihi
397 1621 577 1665 videtur.
640 1622 753 1664 Ante
784 1622 900 1665 enim
932 1634 1040 1678 opus
1071 1625 1256 1664 estcaete
1295 1621 1441 1663 critica
1471 1624 1512 1663 et
1542 1620 1861 1663 hermeneutica
1901 1620 1954 1662 ad
1987 1620 2118 1662 verba
2156 1624 2304 1675 poetae
2342 1620 2630 1676 intellegenda

262 1697 303 1735 et
333 1694 619 1750 explananda,
661 1707 746 1749 qua
776 1695 823 1735 in
854 1707 900 1736 re
931 1694 1445 1748 accuratissima-optimi
1464 1692 1623 1735 codicis
1654 1692 2114 1748 Parisini-cognitione
2145 1692 2329 1733 multum
2362 1692 2629 1746 adiuvamur,

262 1778 406 1820 quam:
431 1765 712 1819 Sedlmayer-ir
738 1766 915 1808 editioni
954 1765 1171 1810 debemus
1252 1764 1523 1820 Quamquam
1564 1764 1813 1807 Ehwaldius
1852 1764 2027 1819 quidem
2067 1765 2313 1819 nuperrime
2351 1765 2467 1819 (ann.
2505 1764 2628 1807 Burs,

262 1835 657 1880 tom...,XXXX111.
685 1850 760 1892 pp,
788 1838 884 1879 238.
913 1838 1018 1893 sqq.)
1054 1836 1184 1880 Keilii
1225 1837 1450 1879 collatione
1486 1850 1593 1878 usus
1633 1836 1842 1878 nonnulla
1886 1849 2032 1878 eorum
2076 1848 2187 1890 quae
2227 1835 2532 1889 Sedlmayerus
2575 1836 2629 1877 de

261 1908 494 1963 scripturis.
520 1907 691 1954 codicis,
717 1907 753 1949 P
788 1908 964 1950 adnotat.
996 1909 1042 1949 in
1078 1908 1259 1950 dubium
1294 1909 1481 1949 vocavit:
1533 1908 1577 1949 id
1615 1912 1757 1949 tamen
1794 1911 1960 1949 constat
1996 1920 2110 1949 nova
2153 1907 2339 1949 editione
2389 1907 2626 1949 Heroidum

261 1979 400 2022 multo
428 1978 552 2021 nobis
591 1978 782 2022 firmiora
822 1993 953 2034 quam
992 1983 1089 2021 ante
1127 1979 1339 2035 praesidia
1379 1979 1431 2021 ad
1472 1991 1642 2034 operam
1683 1979 1873 2020 criticam
1915 1978 2196 2020 exercendam
2239 1983 2497 2034 comparata.
2525 1992 2628 2021 esse.

261 2049 412 2106 Neque
443 2062 545 2092 vero
571 2049 845 2104 Sedlmayero
872 2050 1088 2092 assentior
1105 2051 1149 2091 in
1175 2050 1477 2091 commentario
1503 2050 1649 2091 critico
1675 2049 1728 2090 ad
1756 2048 1901 2091 Ovidii
1928 2048 2137 2091 Heroides
2165 2049 2467 2104 (Vindobonae
2497 2051 2629 2104 1881)

261 2122 392 2176 praefi·
423 2136 461 2176 p,
497 2124 524 2164 6
564 2123 847 2164 occasionem.
867 2123 1059 2176 genuina
1091 2121 1220 2163 verba
1262 2125 1411 2177 poetae
1451 2121 1739 2176 investigandi
1779 2122 2124 2176 coniecturisque
2168 2122 2420 2164 restituendi
2459 2123 2631 2178 saepius

262 2186 403 2233 offerri
434 2194 629 2246 neganti:
665 2193 867 2248 quisquis
896 2194 1030 2252 ipsam
1062 2192 1180 2234 illius
1215 2193 1295 2234 viri
1322 2192 1435 2234 docti
1461 2192 1691 2235 editionem
1717 2193 1972 2248 inspexerit,
2004 2193 2132 2234 latam
2160 2194 2198 2235 is
2225 2194 2352 2235 etiam
2377 2207 2494 2236 nunc
2527 2195 2632 2235 viris

263 2262 574 2324 doctisvaream,
600 2268 756 2323 patere*
775 2265 1001 2319 intelleget.
1052 2265 1204 2319 Atque·
1230 2278 1308 2320 ego
1341 2264 1515 2320 quidem
1547 2265 1606 2307 ita
1636 2277 1725 2307 rem
1758 2265 1945 2319 institui,
1977 2269 2026 2307 ut
2058 2264 2246 2307 duorum
2272 2266 2461 2321 capitum
2489 2267 2632 2322 priore

263 2335 577 2377 emendationes
608 2327 838 2378 nonnullas
869 2336 922 2378 ad
954 2336 1146 2391 singulas
1176 2335 1415 2378 Heroidum
1447 2336 1649 2391 epistulas
1680 2349 1979 2391 proponerem,
2012 2336 2143 2378 altero
2177 2337 2367 2379 codicem
2396 2337 2430 2379 P
2456 2338 2551 2380 iure
2584 2351 2632 2379 ac

261 2407 411 2449 merito
444 2407 634 2450 onmium
666 2407 855 2462 plurimi.
872 2408 1142 2450 aestimatum
1173 2408 1301 2450 etiam
1332 2409 1468 2463 magis
1495 2421 1624 2463 quam
1656 2407 1796 2450 adhuc
1821 2408 1981 2450 factum
2008 2412 2072 2450 est
2103 2409 2420 2466 respiciendum
2453 2410 2632 2464 eiusque

264 2479 464 2521 lectiones
490 2480 658 2534 saepius
683 2492 774 2521 esse
799 2479 1068 2534 recipiendas
1088 2479 1439 2533 demonstrarem,
1454 2479 1523 2521 ad
1549 2483 1792 2522 extremum·
1817 2480 2067 2536 appendicis
2093 2481 2186 2522 loco
2214 2482 2479 2523 coniecturas
2507 2495 2633 2537 quas-

264 2551 363 2604 dam
384 2551 438 2593 ad
457 2552 563 2593 alios
581 2550 724 2598 Ovidii
739 2551 874 2593 libros
893 2551 1118 2594 adicerem.
1155 2550 1195 2593 N
1200 2552 1358 2594 umeris
1377 2552 1421 2594 in
1441 2551 1706 2595 Heroidibus
1726 2566 1894 2608 semper
1917 2558 2016 2595 utor
2038 2553 2237 2596 editionis
2259 2552 2634 2608 Sedlmayerianae

263 2623 420 2663 additis
450 2624 494 2663 in
528 2623 669 2664 indice
699 2626 866 2665 tantum
898 2624 1086 2664 numeris
1118 2622 1401 2665 Merkelianis.
1695 2627 1697 2629 ’

1260 2837 1542 2930 Caput
1590 2839 1676 2944 Ι.

478 2980 533 3024 11
566 2980 615 3024 ll
648 2993 716 3035 sq.
749 2983 807 3024 ita
837 2983 1012 3038 legitur:
1080 2982 1214 3038 Saepe
1244 2982 1319 3037 fui
1349 2984 1538 3026 mendax
1563 2998 1649 3039 pro
1683 2987 1720 3025 te
1752 2984 1878 3038 mihi,
1911 2999 2037 3040 saepe
2069 2986 2223 3027 notavi

1205 3054 1317 3096 Alba
1341 3055 1601 3111 procellosos
1633 3056 1726 3098 vela
1757 3056 1917 3111 referre
1949 3060 2087 3099 notos.

262 3136 299 3178 E
332 3137 477 3179 codice
508 3137 713 3179 Etonensi
745 3142 786 3180 et
816 3138 1092 3181 inferioribus
1117 3139 1237 3181 libris
1266 3139 1330 3181 W.
1359 3139 1562 3195 Terpstra,
1580 3139 1733 3196 (Lugd.
1764 3140 1859 3183 Bat.
1884 3141 2016 3196 1829)
2043 3145 2084 3183 et
2115 3140 2340 3183 Palmerus
2372 3154 2448 3196 pro
2481 3141 2635 3182 notat-i

264 3209 691 3268 &rumpatur-i
720 3211 840 3253 >nulla
880 3214 1115 3254 sententiae
1154 3214 1418 3255 mutatione„
1475 3212 1568 3268 Ego
1608 3214 1784 3269 quidem
1824 3215 2089 3268 nequehoc
2125 3214 2310 3256 verbam.
2342 3226 2485 3268 neque
2522 3214 2638 3256 illud·

263 3283 377 3322 reete
415 3294 461 3323 se
499 3282 657 3325 habere
694 3283 800 3325 mihi
841 3285 1046 3339 persuasi.
1119 3284 1171 3326 ld
1214 3286 1328 3326 enim
1372 3286 1586 3327 neminem
1627 3285 1750 3327 video
1795 3285 2006 3338 dubitare,
2054 3286 2159 3341 quin
2199 3284 2550 3341 Demophoontis·
2579 3299 2634 3329 ex

2395 3368 2410 3403 1
