3030 3723
2657 188 2716 239 ’13

352 323 468 368 reeb}
495 317 773 374 intellegunt,
802 316 908 360 falsa
938 316 1280 373 interpunctione
1308 316 1374 360 a&
1401 328 1590 359 cenaeos
1639 314 1847 370 Apertum
1880 314 1994 357 enim
2026 320 2089 357 est
2124 315 2336 372 posterius
2368 314 2547 357 verbum
2578 314 2720 357 rideat

351 405 391 437 v.
421 391 502 437 181
536 401 615 447 pro
645 389 917 434 coniunctivo
949 389 1193 434 concessivo
1223 389 1293 433 vei
1322 388 1589 446 imperativo·
1614 386 1874 430 sumendum
1906 391 1950 429 et
1978 400 2077 429 cum
2108 389 2170 430 eis
2203 401 2313 443 quae
2343 392 2587 442 sequuntur
2618 401 2717 429 con·

350 459 618 522 iungendum
649 473 760 515 esse,
799 462 919 518 prius
948 453 1098 504 'rideat
1125 471 1164 505 v.
1200 462 1288 505 1ae
1316 459 1610 503 tantumodo
1647 459 1848 501 cumeis
1885 471 2003 514 quae
2037 459 2294 502 antecedunt
2335 465 2448 502 recte
2486 459 2715 516 coniungi:

352 534 553 589 „forsitan
583 538 633 576 tu
662 546 808 576 narres
837 539 880 576 et
910 533 985 576 illa
1013 534 1173 577 HM*
1205 533 1328 586 (ceni.
1359 531 1771 587 poeent).1taque
1809 544 1895 573 non
1927 536 2085 586 puncto
2124 544 2230 586 opus
2261 537 2341 585 cst,
2381 531 2496 587 quod
2535 531 2719 573 editores

343 608 534 663 penum,
563 605 610 687 in
639 604 729 649 fine
757 618 904 650 versus
938 607 1036 660 179,
1066 599 1146 649 sod
1174 608 1384 647 commate
1413 607 1488 646 aut
1517 605 1614 646 0010
1642 604 1996 659 distinguendum
2028 607 2101 645 est
2146 603 2217 645 Sic
2248 605 2378 659 igitur
2408 607 2543 646 totum
2576 604 2717 645 locam

925 748 1137 793 forsitan
1168 751 1221 802 et,
1252 747 1436 791 cultae
1465 747 1572 790 dum
1606 751 1644 790 te
1674 747 1836 790 iactare
1865 748 2051 790 maritae

1047 820 1236 873 Quaeris
1266 823 1308 863 et
1335 819 1523 863 minatis
1553 820 1740 863 auribus
1770 825 1875 876 apta
1906 822 2039 877 ἔθιμα)

927 895 987 938 In
1017 893 1178 950 faciem
1208 906 1434 949 moresque
1464 907 1579 936 meos
1609 907 1726 936 nova
1756 893 1948 936 crimina
1977 894 2152 949 finyoes:

812 969 894 1011 180
1045 965 1205 1009 Rideat
1235 969 1277 1009 et
1305 965 1431 1008 vitiis
1455 957 1572 1009 ‘laeta
1602 966 1665 1008 sit
1693 966 1772 1008 illa
1802 966 1923 1008 meis.

925 1038 1087 1081 Rideat
1115 1042 1156 1081 et
1189 1037 1322 1094 ffymo
1351 1038 1491 1080 iaceat
1519 1038 1724 1080 sublimis
1755 1038 1807 1080 in
1838 1042 1981 1080 ostro.-

1043 1110 1205 1165 Flebit,
1234 1115 1276 1154 et
1303 1111 1479 1154 ardores
1510 1111 1655 1153 simet
1682 1111 1842 1153 adusta
1874 1113 2021 1153 meos!

558 1231 671 1290 ,XII
715 1232 808 1277 205
927 1231 1019 1275 Dos
1050 1246 1145 1275 mea
1178 1235 1227 1275 tu
1257 1246 1420 1288 sospes,
1455 1232 1531 1274 dos
1562 1234 1626 1274 est
1655 1246 1752 1274 mea
1790 1231 1927 1274 Graia
1958 1232 2180 1274 iuventus

338 1303 461 1366 JCum
488 1303 746 1348 adiectivum
772 1318 919 1361 sospes
950 1317 1036 1347 non
1069 1305 1193 1348 modo
1219 1304 1275 1347 ad
1299 1303 1358 1346 'tu
1385 1317 1533 1347 verum
1559 1304 1686 1348 etiam
1712 1303 1767 1346 ad
1800 1303 1937 1346 Graia
1961 1303 2171 1345 iuventus
2197 1303 2465 1346 referendum
2500 1304 2571 1357 sit,
2605 1302 2718 1358 quod

350 1390 438 1421 non
477 1381 618 1434 potest
658 1376 837 1419 dubium
878 1390 986 1431 esse,
1027 1367 1128 1419 alio'
1151 1376 1257 1419 mihi
1300 1365 1470 1419 videtur
1510 1377 1631 1432 signo
1667 1376 2022 1432 interpunctionis
2065 1389 2171 1432 opus
2212 1388 2304 1418 esse
2346 1380 2473 1431 atque
2514 1388 2563 1418 eo
2604 1375 2717 1430 quod

346 1439 504 1508 'omnes
536 1448 717 1493 editores
748 1454 939 1493 recentes
968 1454 1215 1507 posuerunt.
1280 1448 1514 1504 Commate,
1547 1461 1634 1492 non
1665 1453 1824 1505 puncto
1864 1448 2211 1505 distinguendum
2252 1453 2314 1491 est
2345 1449 2457 1491 inter
2488 1448 2593 1490 duas
2625 1461 2719 1490 sen-

350 1524 509 1566 tentiae
540 1523 854 1566 intercisiones:
1753 1562 1756 1565 .

466 1598 468 1600 ·
927 1581 1018 1625 Dos
1049 1595 1146 1625 mea
1178 1585 1228 1625 tu
1258 1596 1418 1638 sospes,
1451 1582 1526 1624 dos
1558 1585 1622 1624 est
1651 1596 1747 1624 mea
1786 1581 1923 1623 Graia
1953 1581 2176 1623 iuventute.

566 1692 683 1737 XIV
718 1692 741 1737 1
773 1704 863 1748 sq..
929 1692 1075 1735 Mittit
1104 1692 1422 1748 Hypermestra
1451 1692 1501 1734 de
1534 1694 1596 1734 tot
1625 1691 1751 1734 modo
1782 1690 2000 1746 fratribus
2032 1690 2143 1733 uni.-

1048 1763 1195 1822 Cetera
1224 1767 1474 1820 nuptarum
1504 1763 1692 1806 crimine
1724 1763 1853 1805 turba
1883 1763 2006 1805 iacet.

349 1837 401 1879 In
433 1838 719 1894 suspicionem
750 1838 830 1880 1100
860 1839 1047 1894 primum
1080 1836 1297 1893 epistulae·
1330 1836 1541 1879 distichon
1573 1835 1876 1890 Sedlmayerus
1910 1835 2092 1891 (Proleg.
2126 1836 2215 1877 crit.
2249 1849 2315 1890 pp.
2343 1836 2399 1878 67
2427 1834 2507 1890 sq.)
2540 1836 2720 1888 vocavit,

351 1911 426 1966 qui
463 1922 569 1966 quas
606 1921 758 1952 causas
795 1910 952 1964 attulit,
996 1910 1062 1952 his
1104 1913 1270 1952 tantum
1298 1908 1447 1963 abest,
1490 1912 1539 1951 ut
1574 1921 1759 1962 movear,
1805 1912 1852 1951 ut
1895 1921 2035 1964 neque
2079 1908 2211 1950 ullam
2257 1906 2532 1950 offensionem
2572 1909 2613 1949 in
2654 1907 2719 1949 his

349 1982 493 2024 verbis
521 1982 662 2024 inesse
694 1972 924 2024 concedam
955 1986 997 2024 et
1022 1983 1060 2024 si
1091 1982 1306 2036 abessent,
1338 1981 1530 2024 futurum
1562 1994 1654 2024 esse
1689 1985 1734 2024 ut
1766 1995 1894 2037 quam
1921 1981 2109 2023 maxime
2137 1980 2480 2023 desiderarentur
2511 1993 2719 2022 censeam.

350 2053 585 2096 Scribentis
616 2054 730 2095 enim
761 2066 917 2096 nomen
944 2066 998 2096 ex
1025 2054 1086 2095 eis
1118 2054 1435 2111 cognoscimus,
1467 2056 1514 2095 ut
1544 2053 1666 2094 initio
1699 2052 1977 2108 epistularum
2004 2052 2036 2106 I,
2062 2052 2117 2105 ΙΙ,
2144 2052 2221 2105 ΙΙΙ,
2247 2051 2322 2106 IV,
2350 2051 2433 2108 [VJ
2461 2051 2504 2094 X
2531 2053 2586 2106 (v.
2610 2065 2720 2107 quae

348 2138 478 2182 supra
510 2129 656 2168 contra
681 2124 926 2168 Vahlenum
959 2125 1276 2183 disputavimus
1313 2138 1351 2183 p.
1386 2127 1469 2180 11),
1495 2124 1625 2177 XIII,
1661 2124 1748 2169 XV
1779 2126 1821 2183 (i.
1852 2138 1883 2169 0.
1916 2124 2114 2182 Sapphus
2147 2125 2364 2181 epistula),
2398 2123 2519 2178 XVI,
2552 2123 2718 2177 XVIII,

349 2190 463 2252 XIX
495 2202 570 2240 aut
599 2199 742 2255 ipsum
774 2198 995 2241 scribentis
1026 2210 1182 2241 nomen
1215 2199 1449 2254 accipimus
1481 2202 1555 2241 aut
1586 2211 1642 2241 ex
1673 2200 1766 2241 eius
1797 2198 1971 2241 1101111110
2003 2197 2056 2240 ad
2090 2210 2217 2253 quem
2249 2196 2415 2241 litterae
2447 2197 2605 2240 dantur
2635 2197 2719 2240 col·

337 2265 533 2327 ligimus.
595 2269 716 2311 Idem
746 2274 913 2326 poetam
945 2270 1097 2312 fecisse
1126 2271 1249 2313 initio
1281 2270 1460 2312 aliarum
1495 2270 1772 2326 epistularum
1800 2268 2023 2312 Vahlenus
2054 2269 2079 2313 1.
2106 2269 2131 2312 l.
2158 2269 2423 2327 gravissimis
2457 2269 2719 2326 argumentis

350 2341 657 2384 demonstravit
687 2345 730 2384 et
768 2342 853 2384 tale
885 2342 1096 2385 distichon
1139 2343 1427 2385 necessarium
1471 2355 1563 2385 esse
1605 2344 1782 2385 ineunte
1827 2342 2010 2400 epistula
2042 2341 2140 2397 VII,
2181 2340 2260 2397 XI,
2302 2340 2404 2396 XII,
2444 2339 2576 2385 XVII
2615 2341 2719 2385 mihi

347 2416 567 2470 persuasit
602 2414 769 2464 Quibus
795 2415 848 2457 de
873 2416 1014 2457 causis
1041 2414 1094 2456 de
1119 2415 1302 2471 epistula
1326 2413 1372 2456 X
1397 2414 1449 2456 ab
1476 2427 1524 2456 eo
1551 2414 1815 2469 dissentiam,
1842 2427 1973 2470 supra
1998 2415 2197 2471 exposui:
2234 2414 2286 2457 de
2311 2414 2489 2470 reliquis
2515 2413 2719 2471 epistulis,

348 2487 557 2543 imprimis
598 2488 650 2528 de
694 2500 755 2543 ep.
796 2486 906 2528 VIII
953 2487 1147 2528 Vahleno
1190 2488 1400 2529 assentior
1441 2486 1717 2543 probabiliter
1759 2487 1991 2543 exponenti
2035 2486 2239 2529 amissum
2285 2498 2377 2529 esse
2417 2486 2540 2529 initio
2587 2500 2720 2530 unum

350 2559 570 2601 distichon.
632 2558 716 2600 Sed
746 2562 796 2600 ut
825 2559 996 2600 redeam
1027 2558 1080 2600 ad
1111 2560 1272 2617 primos
1303 2571 1454 2601 versus
1495 2559 1700 2616 epistulae
1733 2562 1909 2615 quartae
1951 2558 2157 2614 decimae,
2194 2572 2347 2615 parum
2379 2559 2644 2604 considerate
2676 2560 2718 2603 in

337 2632 411 2685 ,eis
437 2631 760 2685 Sedlmayerum
791 2631 1016 2674 offendisse
1041 2629 1262 2674 Vahlenus
1294 2632 1320 2673 1.
1346 2632 1372 2673 l.
1398 2644 1466 2687 pp.
1497 2633 1549 2674 19
1577 2644 1639 2687 sq.
1666 2632 1757 2674 suis
1790 2632 1930 2674 causis
1963 2631 2286 2686 demonstravit,
2318 2644 2458 2687 neque
2490 2636 2571 2686 est,
2605 2632 2720 2688 quod

348 2702 474 2760 plura
505 2703 558 2745 de
589 2716 639 2745 ea
669 2716 716 2745 re
748 2704 897 2746 dicam.
973 2702 1110 2753 Quam
1141 2702 1297 2745 Sedlm.
1330 2704 1471 2745 causis
1512 2707 1635 2745 antea
1673 2704 1849 2760 prolatis
1890 2704 2047 2745 addere
2078 2716 2124 2745 se
2155 2716 2280 2759 posse
2313 2704 2416 2746 dicit
2447 2717 2597 2746 comm.
2631 2706 2720 2748 erit.

348 2789 388 2831 p.
422 2775 497 2829 55,
534 2789 589 2818 ne
620 2789 713 2818 eam
756 2776 929 2831 quidem
968 2775 1102 2817 ullam
1142 2776 1230 2816 vim
1271 2775 1428 2818 habere
1466 2775 1590 2818 facile
1629 2776 1837 2817 videmus.
1901 2775 2012 2817 Nam
2044 2789 2129 2830 quo
2170 2780 2291 2831 pacto
2331 2776 2544 2818 offendere
2584 2781 2721 2831 potest

349 2844 504 2890 Sedlm.
530 2847 578 2889 in
608 2846 739 2890 verbo
770 2846 912 2888 mittit
942 2846 1133 2889 absolute
1163 2846 1319 2902 posito,
1361 2847 1437 2902 qui
1468 2843 1595 2889 etiam
1627 2847 1667 2901 I,
1702 2851 1724 2891 1
1759 2846 1872 2889 hanc
1905 2852 1945 2889 et
1977 2846 2039 2901 X,
2073 2848 2097 2889 3
2131 2861 2266 2902 quam
2305 2847 2527 2901 (leyis-ita
2557 2849 2722 2890 mavult

341 2916 524 2974 80111111.)
549 2918 605 2961 ad
629 2919 816 2961 salutem
846 2919 893 2961 in
924 2919 1048 2962 titulo
1080 2918 1289 2974 epistulae
1319 2918 1501 2974 posita-m
1532 2918 1803 2962 referendum
1835 2918 2092 2961 arbitretur?
2125 2918 2266 2961 Etiam
2293 2921 2434 2975 aptius
2460 2921 2514 2961 ad
2541 2920 2720 2962 verbum

350 2988 492 3033 mittit
520 2990 613 3033 sine
645 2991 733 3034 ullo
765 2991 1009 3035 accusativo
1041 2990 1194 3034 obiecti
1218 2991 1406 3047 positum
1431 2990 1654 3035 subaudiri
1679 2991 1797 3035 illam
1823 2991 2010 3034 salutem
2035 2995 2150 3048 puto,
2183 3006 2311 3048 quam
2338 2986 2644 3047 Sedlmayerus
2676 2994 2721 3035 in

350 3062 473 3106 titulo
503 3062 636 3105 fuisse
667 3064 920 3119 suspicatur.
982 3062 1174 3118 Rectius,
1213 3067 1263 3105 ut
1292 3063 1481 3106 vidimus
1512 3077 1550 3119 p.
1581 3065 1649 3118 12,
1682 3064 1722 3107 et
1753 3063 1791 3118 I,
1828 3067 1848 3106 1
1884 3065 2066 3120 epistula
2097 3065 2190 3120 ipsa
2221 3065 2485 3121 intellegitur
2515 3072 2556 3107 et
2587 3079 2636 3107 00
2669 3067 2722 3108 (10

351 3148 438 3192 quo
470 3135 737 3192 disputamus
767 3135 872 3179 1000.
931 3134 1060 3186 Quod
1091 3149 1170 3179 cur
1200 3135 1281 3179 hoc
1311 3136 1405 3179 loco
1435 3135 1529 3179 fieri
1560 3150 1686 3192 posse
1717 3137 1939 3179 Vahlenus
1969 3144 2115 3193 neget,
2147 3138 2345 3193 equidem
2379 3152 2465 3179 non
2496 3139 2718 3194 intellego:

349 3220 446 3251 meo
476 3207 635 3250 iudicio
668 3208 938 3251 accusativus
969 3207 1215 3263 epianobam'
1237 3208 1291 3251 ad
1316 3209 1496 3251 verbum
1528 3208 1670 3251 mimi
1700 3209 1892 3252 absolute
1923 3210 2137 3265 prelatum
2169 3210 2317 3252 dubito
2350 3224 2401 3252 an
2429 3211 2595 3252 facilius
2622 3224 2722 3267 sup-

349 3280 518 3335 pleatur
549 3293 678 3335 quam
717 3280 771 3321 ad
807 3292 1042 3335 pronomen
1081 3279 1209 3323 hanc.
1275 3280 1516 3336 Vahlenus,
1556 3285 1606 3325 ut
1644 3282 1858 3326 obiectum
1899 3282 1955 3326 ad
1997 3281 2178 3326 verbum
2211 3282 2351 3324 mittit
2381 3282 2570 3336 haberet,
2613 3283 2721 3325 hanc

349 3352 499 3394 statuit
528 3351 758 3398 verborum
788 3354 1045 3399 structum
1078 3354 1122 3398 et
1149 3351 1491 3396 distinctionem:
