3030 3723
2601 142 2660 200 {b

290 262 459 323 fioratii
490 291 629 320 uuum
660 261 858 320 exscribo
890 262 1054 319 locum}

506 350 654 394 Horat.
681 350 799 407 epist.
825 350 882 405 Π,
907 351 948 405 2,
976 353 1030 393 75
1058 364 1118 407 sq.
1152 350 1248 393 Hae
1278 350 1454 392 rabiosa
1483 350 1605 406 fuyz't
1634 348 1771 402 canis,
1806 348 1886 391 hae
1918 343 2134 392 lutulenta
2165 349 2261 392 ruit
2290 364 2369 392 sus
2385 366 2399 391 .·

1274 422 1306 463 I
1329 436 1480 463 nune
1510 426 1559 463 et
1588 435 1741 462 versus
1774 424 1914 461 teeum
1946 421 2153 462 meditare
2184 436 2379 463 canoros.

293 494 491 535 Alterum
522 493 689 535 Horatii
720 495 862 536 locum
894 496 1021 536 affero
1054 496 1172 551 epist.
1198 494 1238 548 Ι,
1271 496 1317 548 6,
1353 497 1405 535 17
1439 494 1539 550 (vid.
1569 493 1776 548 Krueger.
1811 493 1865 533 ad
1896 493 1935 534 h.
1969 492 2034 547 l.);
2068 507 2241 548 prorsus
2273 495 2395 535 aliter
2427 494 2479 535 ab
2512 494 2660 535 eodem

294 566 458 607 dictum
489 570 554 609 est
583 580 708 608 nune
737 567 757 608 i
787 568 906 623 epist.
939 568 979 622 I,
1014 570 1051 620 7,
1087 569 1154 609 71.

294 636 413 686 Quae
444 637 512 679 vis
541 638 589 678 in
620 639 698 679 hac
728 639 912 680 formula
943 638 975 679 I
999 651 1123 678 nune
1161 638 1240 692 (et)
1279 638 1399 690 insit,
1432 639 1468 677 si
1500 638 1763 692 quaerimus,
1796 642 1907 678 recte
1939 649 2033 677 eam
2064 636 2260 692 Terpstra
2296 638 2543 691 illustravit,
2585 639 2661 693 qui

293 711 568 765 increpantis,
599 711 833 765 irridentis,
864 711 1130 764 insultantis,
1162 710 1427 752 exsecrantis
1459 723 1550 751 esse
1580 709 1807 751 formulam
1840 710 2022 751 adnotat.
2093 708 2263 750 Etenim
2296 711 2333 750 is
2366 712 2440 764 qui
2471 711 2663 765 loquitur

292 781 453 824 iudicat
477 782 539 836 id,
573 783 689 838 quod
714 783 965 838 imperativo
990 782 1200 824 formulae
1231 781 1250 821 i
1282 795 1403 822 nune
1434 782 1635 823 adiuncto
1662 781 1848 835 aliquem
1875 781 2011 823 facere
2038 781 2175 834 iubet,
2208 786 2282 822 aut
2306 781 2398 822 fieri
2425 796 2511 822 non
2537 796 2662 837 posse

294 857 368 895 aut
397 867 483 895 non
516 855 611 895 iure
641 854 746 896 fieri.
809 854 972 895 Eadem
1003 866 1123 906 vero,
1162 857 1209 894 ut
1240 866 1370 908 supra
1402 853 1610 907 diximus,
1652 853 1862 893 sententia
1893 857 1955 893 est
1987 853 2083 892 Am.
2111 852 2195 905 III,
2229 854 2274 906 3,
2311 856 2353 905 1,
2394 866 2481 893 non
2513 854 2661 894 eadem

291 925 484 967 formula.
534 926 624 967 Iam
657 927 899 979 videamus,
930 939 1036 966 num
1066 925 1174 966 forte
1200 924 1380 966 Ovidius
1412 926 1592 966 eandem
1624 925 1876 965 sententiam
1901 926 1992 978 ipso
2026 938 2199 979 quoque
2230 926 2482 979 imperativo
2510 925 2528 964 i
2557 927 2599 979 (i.
2628 939 2661 966 e.

294 996 496 1040 adverbio
528 1011 651 1040 nune
682 1011 770 1039 non
802 996 1023 1052 adiuncto)
1057 998 1320 1052 expresserit.
1371 996 1462 1039 Nec
1492 1010 1593 1039 vero
1626 1009 1722 1037 raro
1754 996 1823 1036 hic
1855 997 2131 1050 imperativus
2163 997 2320 1051 legitur
2346 1001 2420 1038 aut
2446 997 2563 1039 solus
2589 1003 2663 1038 aut

294 1082 391 1110 cum
425 1069 556 1111 altero
588 1069 838 1124 imperativo
876 1069 1141 1110 coniunctus.
1204 1069 1263 1110 At
1294 1082 1470 1123 semper,
1510 1072 1720 1123 quantum
1754 1067 1895 1119 video,
1933 1068 2195 1122 ubicumque
2232 1070 2511 1123 imperativus
2542 1068 2561 1108 τ’
2591 1070 2664 1110 ad-

295 1139 440 1183 verbio
471 1154 595 1183 nune
626 1154 712 1183 non
745 1140 945 1183 adiuncto
977 1155 1002 1183 a
1026 1145 1147 1196 poeta
1178 1145 1422 1197 usurpatur,
1454 1154 1499 1183 re
1530 1154 1633 1183 vera
1663 1139 1803 1181 faeere
1835 1140 1991 1194 aliquis
2022 1140 2185 1195 aliquid
2219 1140 2402 1183 iubetur.
2449 1142 2513 1182 Ac.
2546 1142 2664 1183 solus

297 1212 472 1267 quidem
503 1213 572 1256 hic
603 1214 881 1269 imperativus
912 1214 1078 1270 legitur,
1111 1218 1159 1256 ut
1189 1213 1400 1258 nonnulla
1431 1213 1628 1270 exempla
1660 1212 1851 1255 afferam:

511 1325 601 1364 Art.
629 1337 708 1365 am.
735 1323 818 1377 ΙΙΙ,
851 1325 936 1366 505
969 1337 1030 1379 sq.
1153 1323 1215 1376 „I
1234 1323 1394 1378 procul
1424 1323 1567 1376 hine‘ss
1600 1322 1717 1364 dixit
1747 1335 1867 1374 „non
1900 1336 1942 1363 es
1974 1322 2099 1374 veihi,
2135 1322 2254 1374 tibia,
2290 1321 2446 1374 tantiff,

1282 1395 1339 1436 Ut
1369 1395 1481 1435 vidit
1511 1395 1663 1436 vultus
1697 1394 1844 1435 Pallas
1875 1394 1926 1435 in
1958 1408 2088 1435 amne
2118 1408 2235 1435 suos.

511 1467 611 1509 Her.
643 1467 814 1521 XVIII,
849 1469 902 1509 15
936 1482 997 1523 sq.
1151 1466 1367 1508 Protinus
1399 1467 1499 1508 haee
1528 1466 1723 1508 scribens
1754 1465 1909 1521 „seha
1945 1466 1978 1519 2',
2013 1466 2185 1508 littera“
2217 1466 2337 1507 dixi.-

1274 1538 1404 1591 „Iam
1437 1539 1516 1580 tibi
1545 1538 1788 1593 formosam
1815 1538 2012 1593 porriget
2041 1538 2119 1579 illa
2152 1541 2383 1580 manum.“'

509 1610 629 1653 Trist.
662 1610 701 1665 Ι,
737 1613 773 1665 1,
806 1613 862 1653 57
896 1624 957 1666 sq.
1156 1610 1220 1652 Tu
1253 1614 1399 1653 tamen
1430 1610 1449 1651 i
1474 1624 1557 1666 pro
1590 1624 1676 1663 me,
1711 1614 1778 1663 tu,
1812 1610 1887 1652 eui
1918 1610 2031 1663 lieet,
2065 1610 2209 1665 aspice
2242 1610 2459 1652 Romam:

1276 1682 1340 1723 Di
1368 1682 1571 1737 facerent,
1602 1696 1780 1737 possem
1814 1696 1934 1723 nune
1966 1696 2088 1722 meus
2121 1696 2208 1723 esse
2240 1682 2376 1723 liber!

296 1753 550 1795 Simillimus
576 1755 694 1795 locus
718 1755 838 1796 Trist.
865 1755 898 1809 I,
929 1758 964 1809 1,
995 1758 1014 1796 1
1040 1769 1132 1810 sqq.
1159 1755 1310 1808 Parve,
1344 1769 1422 1796 nee
1455 1755 1639 1808 invideo,
1672 1755 1770 1795 sine
1804 1769 1880 1807 me,
1915 1755 2032 1807 liber,
2069 1755 2152 1795 ibis
2184 1755 2234 1795 in
2270 1755 2437 1795 Urbem.

1277 1826 1337 1868 Ei
1367 1827 1492 1880 mihi,
1525 1827 1642 1882 quod
1671 1827 1849 1868 domino
1882 1841 1974 1868 non
2006 1827 2103 1868 lieet
2134 1827 2197 1868 ire
2231 1829 2336 1868 tuo!

1168 1899 1324 1953 Vade,
1357 1900 1432 1942 sed
1461 1900 1676 1953 incultus,
1710 1901 1882 1954 qualem
1914 1900 2027 1941 deeet
2058 1900 2198 1941 exulis
2230 1914 2330 1941 esse.

799 1970 899 2011 ibid.
933 1985 971 2013 V.
1008 1973 1061 2012 15
1164 1970 1321 2025 Vade,
1354 1971 1470 2024 liber,
1507 1971 1729 2026 verbisque
1761 1971 1869 2013 meis
1902 1972 1992 2013 toea
2019 1975 2147 2026 ¹qrata
2178 1972 2337 2013 saluta.

297 2054 460 2095 Eodem
492 2054 764 2096 referendum
796 2060 874 2109 est,
907 2069 1169 2110 quamquam
1200 2057 1394 2111 sequitur
1425 2057 1529 2097 alter
1559 2057 1859 2111 imperativus:

515 2138 623 2181 Fast.
656 2138 717 2192 II,
750 2140 837 2181 249
871 2138 933 2192 „I
934 2172 944 2191 ,
978 2142 1101 2181 mea“
1132 2139 1247 2181 dizit
1276 2140 1419 2193 „az-is,
1453 2154 1507 2181 ne
1537 2140 1648 2195 quid
1672 2141 1755 2195 pia
1784 2154 1910 2181 saera
1941 2143 2148 2193 moretur,

994 2210 1039 2251 E
1050 2214 1066 2252 t
1097 2214 1269 2252 tenuem
1300 2211 1414 2253 vivis
1446 2211 1646 2265 fontibus
1678 2211 1840 2265 adfer
1870 2213 2081 2266 aquam.“

297 2280 436 2322 Aliter
467 2281 506 2322 ei
550 2281 633 2323 loci
674 2283 906 2339 comparati
945 2287 1061 2337 sunt,
1104 2282 1180 2324 ubi
1219 2285 1492 2340 imperativus
1531 2283 1550 2324 ι’
1589 2297 1665 2339 per
1705 2283 1963 2337 asyndeton,
2004 2288 2052 2325 ut
2092 2284 2151 2325 ita
2192 2284 2349 2338 dicam,
2394 2298 2492 2326 cum
2535 2285 2668 2326 altero

298 2353 548 2408 imperativo
580 2355 865 2410 coniungitur.
917 2354 1001 2397 Sed
1033 2355 1099 2397 his
1132 2368 1303 2411 quoque
1334 2355 1438 2397 locis
1470 2368 1636 2412 semper
1667 2356 1823 2411 aliquis
1856 2355 1993 2397 faeere
2025 2355 2189 2410 aliquid
2222 2355 2404 2397 iubetur.
2460 2356 2670 2412 Exempla

298 2424 425 2465 affero
457 2426 585 2466 haec:

513 2496 681 2541 Metam.
714 2498 813 2552 XV,
844 2500 902 2541 22
934 2512 1025 2554 sqq.
1094 2498 1289 2554 Claviyer
1319 2499 1597 2553 adloquitur:
1631 2499 1850 2553 „patrias‚
1884 2513 1979 2553 aye,
2014 2499 2155 2540 desere
2186 2500 2327 2540 sedes.-

718 2585 720 2588 ’
1088 2570 1133 2624 I,
1160 2574 1284 2625 pete
1314 2571 1476 2613 diversi
1507 2571 1726 2626 lapidosas
1761 2571 1940 2613 Aesaris
1972 2572 2147 2613 undas“

1088 2641 1166 2695 Et,
1201 2642 1296 2684 nisi
1319 2643 1541 2699 paruerit,
1574 2643 1719 2685 multa
1749 2657 1800 2685 ae
1832 2644 2064 2685 metuenda
2096 2644 2310 2685 minatur.

513 2713 623 2754 Fast.
655 2713 730 2766 IV,
765 2715 848 2754 731
883 2727 944 2768 sq.
1086 2713 1127 2766 I,
1155 2718 1280 2769 pete
1312 2715 1528 2769 viryinea,
1555 2715 1755 2770 populus
1765 2748 1775 2768 ,
1808 2715 2025 2770 suffimen
2058 2716 2112 2757 ab
2143 2729 2247 2756 ara:

1211 2786 1336 2829 Vesta
1366 2787 1503 2840 dabit,
1548 2786 1696 2829 Vestae
1728 2801 1910 2830 munere
1935 2802 2084 2844 purus
2117 2787 2214 2829 eris.

298 2852 445 2894 Simile
475 2855 759 2898 Horatianum
792 2857 923 2898 illud:

512 2938 615 2980 Hor.
643 2953 768 2982 carm.
795 2940 873 2996 ΠΙ,
902 2944 969 2997 14,
1000 2944 1050 2984 17
1085 2941 1129 2995 Ι,
1160 2945 1282 2998 pete
1312 2946 1612 2997 unquentum,
1641 2957 1770 2999 puer,
1804 2948 1845 2985 et
1875 2957 2070 2985 coronas:

299 3009 461 3051 Eodem
493 3011 627 3053 refero
659 3012 822 3066 locum,
853 3015 900 3054 in
931 3028 1017 3068 quo
1049 3015 1228 3056 verbum
1260 3014 1325 3055 ire
1357 3029 1478 3056 suam
1510 3017 1600 3057 vim
1632 3029 1768 3071 paene
1800 3018 1884 3057 iam
1917 3018 2080 3057 amisit:

513 3082 685 3125 Remed.
717 3096 797 3125 am.
829 3086 918 3126 487
1094 3084 1297 3139 Quaeris,
1330 3085 1410 3126 ubi
1440 3086 1678 3129 invenias?
1712 3091 1845 3140 artes,
1879 3087 1917 3140 τ’,
1946 3088 2188 3142 perleye,
2223 3090 2410 3128 nostras.

299 3156 503 3197 Attamen
534 3155 748 3211 perlegere
780 3160 890 3198 artes
921 3169 1022 3198 suas
1054 3157 1174 3199 iubet
1204 3161 1349 3213 poeta,
1382 3159 1580 3214 quisquis
1613 3161 1757 3215 cupiat
1788 3160 1992 3201 invenire.

517 3242 570 3269 ex
592 3227 727 3269 Ponto
746 3228 822 3282 IV,
837 3230 876 3282 3,
895 3231 948 3270 51
967 3243 1058 3283 sqq.
1085 3229 1248 3282 „Litus
1279 3231 1337 3272 ad
1367 3231 1634 3272 Euxinum“
1665 3231 1809 3285 siquis
1842 3232 1956 3272 mihi
1987 3232 2143 3272 diceret
2174 3231 2301 3282 „ilas

1210 3300 1272 3342 Et
1301 3305 1483 3354 metues,
1516 3316 1624 3343 areu
1656 3317 1710 3343 ne
1741 3301 1902 3356 feriare
1942 3302 2099 3343 Getae“
2114 3318 2127 3342 .·
