3030 3723
2627 122 2681 165 21

920 245 1068 298 „Hinc
1099 246 1223 298 mihi,
1257 249 1408 296 «mater,
1440 245 1542 286 abi!
1571 257 1782 298 pompam
1814 247 1967 297 μαῖον(
1998 244 2160 298 inquit,
2195 243 2358 295 „Iason

782 365 788 370 ,
1041 317 1177 360 Dzoee't
1207 321 1248 359 ct
1277 316 1509 359 adiunctos
1540 328 1705 358 aureas·
1737 318 1895 369 aryuet
1925 318 2100 369 equos-‚⁸³

316 391 446 434 Recto
471 390 774 447 Sedlmayerus
800 391 1011 433 intellexit
1035 390 1212 447 (Comm.
1241 390 1331 431 crit.
1352 402 1390 444 p.
1416 390 1486 439 49)
1514 389 1558 430 1η
1583 401 1621 429 v.
1647 388 1727 430 151
1756 399 1810 429 ex
1838 386 2035 428 Parisino
2061 387 2205 429 codice
2231 387 2384 428 iussus
2411 386 2683 429 scribendum

317 476 425 516 esse,
457 476 598 518 neque
630 468 735 518 erat,
766 477 844 505 cur
874 468 1019 520 postea
1052 467 1213 504 mutata
1246 461 1458 503 sententia
1490 461 1605 502 hunc
1638 472 1810 501 versum
1844 459 1965 500 obelo
1998 463 2173 500 notaret.
2219 459 2350 500 Miror
2381 464 2524 501 tamen
2556 460 2686 500 inter-

317 536 609 590 punctionem,
643 549 726 590 qua
758 537 938 578 editores
970 538 1153 575 utuntur
1185 545 1351 584 omnes,
1383 537 1540 587 puncto
1572 536 1668 588 post
1703 545 1737 571 v.
1769 533 1853 574 150
1885 532 2034 586 posito.
2093 530 2193 572 Colo
2227 531 2577 586 distinguendum
2610 535 2686 583 aet,

318 609 476 663 quippe
507 621 601 649 cum
638 623 701 651 vv,
733 611 813 651 151
844 622 935 662 sqq.
968 620 1070 646 cum
1101 605 1252 645 minor
1275 618 1296 644 e
1322 604 1478 658 pueris
1512 604 1662 659 inquit
1692 606 1784 644 sine
1817 604 1947 644 dubio
1981 603 2214 644 habeamus
2247 617 2344 642 eum
2380 603 2494 657 quod
2529 603 2688 643 dicitur

317 693 557 721 ‘caver-eum.

533 788 664 831 XIII
697 787 751 830 37
784 797 885 838 sqq.
925 783 1098 825 Scilicet
1127 783 1229 837 ipsa
1256 797 1405 837 yeram
1437 787 1661 825 saturatas
1693 783 1859 824 'naurire
1894 787 2070 824 res-tes

1042 853 1164 896 Bella
1194 853 1277 895 sub
1310 853 1463 896 Iliam
1497 854 1723 896 moenibus
1757 854 1825 895 ille
1853 856 2006 909 ¹qerat?

923 926 1029 981 Ipsa
1060 939 1205 968 eomas
1232 930 1394 982 poetar,
1425 928 1546 981 yalea
1578 930 1713 982 capnt
1746 926 1814 968 ille
1841 930 2097 982 prematur:

832 999 890 1041 40
1043 998 1149 1053 Ipsa
1181 1012 1318 1040 ‘noma
1353 1002 1496 1051 restas,
1530 1000 1643 1040 clara
1680 999 1747 1039 sir
1777 1013 1901 1040 arma
1934 998 2078 1053 ferat?

319 1075 413 1125 Qua
444 1089 573 1117 causa
604 1072 786 1129 permoti
817 1071 998 1112 editores
1030 1072 1074 1112 in
1107 1085 1144 1111 v.
1173 1073 1229 1114 37
1257 1085 1280 1112 a
1313 1071 1496 1113 Parisini
1529 1072 1711 1114 lectione
1745 1076 1928 1113 vestes
1962 1072 2212 1113 recesserint
2245 1076 2286 1113 et
2319 1072 2476 1112 lanas
2510 1071 2688 1125 scripse-

318 1150 418 1201 rint,
451 1161 535 1188 non
570 1146 672 1187 satis
703 1143 916 1198 intellego,
948 1145 1193 1198 praesertim
1228 1157 1325 1185 cum
1359 1144 1511 1184 lanas
1543 1157 1619 1199 pro
1654 1144 1905 1184 vestibus
1939 1144 2142 1198 usurpuri
2170 1143 2379 1197 exemplis
2407 1143 2686 1183 demonstrari

318 1232 404 1259 non
435 1217 578 1273 possit.
641 1214 792 1269 Itaque
833 1220 1015 1256 vestes
1054 1215 1349 1270 reponendum
1388 1220 1508 1270 puto,
1551 1215 1666 1270 quod
1709 1214 1792 1255 Leo
1832 1227 2005 1270 quoque
2048 1215 2193 1255 voluit.
2258 1213 2439 1255 Diversa
2479 1219 2543 1254 est
2583 1214 2688 1253 ratio

319 1301 466 1331 versus
499 1288 576 1341 40,
608 1289 651 1328 in
687 1300 772 1342 quo
806 1289 959 1329 iterum
993 1291 1126 1328 vestes
1159 1292 1567 1329 commemorantur:
1604 1287 1657 1328 de
1690 1288 1767 1328 1100
1800 1290 1928 1328 'versu
1962 1287 2111 1328 dubito
2145 1299 2284 1341 neque
2317 1286 2454 1328 audeo
2486 1285 2689 1329 iudicare.

317 1359 433 1414 quod
466 1359 687 1401 Parisinus
720 1360 788 1401 hic
820 1373 898 1401 nos
937 1361 1112 1402 omnino
1145 1359 1297 1402 deficit.
1350 1359 1544 1402 Fortasse
1577 1360 1644 1401 hic
1686 1363 1815 1400 metes
1848 1360 1927 1401 erit
1961 1360 2212 1401 mutandum
2253 1360 2406 1412 (norae
2438 1358 2616 1413 frondes·
2629 1359 2686 1411 Β).

533 1489 665 1533 XIII
698 1491 755 1533 97
788 1502 855 1544 sq.
920 1491 1014 1532 Hoc·
1046 1504 1216 1545 quoque
1242 1504 1504 1546 praemoneo
1517 1507 1530 1531 .·
1571 1491 1622 1531 de
1655 1504 1763 1531 nare
1797 1491 2066 1531 not-essimus
2099 1491 2193 1540 exi,-

1040 1563 1143 1604 Non
1176 1566 1250 1616 est,
1284 1576 1370 1618 quo
1397 1576 1668 1618 properes
1677 1596 1687 1616 ,
1723 1566 1837 1604 terra
1866 1566 2053 1618 paterna
2088 1562 2181 1604 tibi.

315 1634 380 1675 Ita
405 1634 588 1676 editores
614 1639 713 1676 ante
739 1634 1083 1689 Sedlmayerum,
1114 1636 1188 1690 qui
1216 1648 1238 1676 e
1266 1635 1548 1677 deterioribus
1574 1635 1739 1690 aliquot
1764 1635 1882 1676 libris
1909 1647 1993 1689 quo
2015 1647 2227 1690 properas
2255 1635 2429 1675 novavit
2455 1633 2689 1688 Madvigio-

316 1716 400 1762 que
431 1706 544 1748 idem
577 1707 789 1763 placuisse
821 1707 995 1750 adnotat
1026 1720 1176 1750 comm.
1204 1708 1292 1751 crit.
1319 1721 1357 1764 p.
1386 1709 1454 1751 51.
1517 1707 1577 1750 At
1608 1706 1716 1749 nihil
1749 1707 1861 1750 valet
1904 1706 2018 1762 quod
2060 1706 2215 1750 Sedlm.
2252 1711 2398 1749 contra
2431 1706 2688 1761 optimorum

315 1779 522 1821 librorum
555 1780 782 1822 lectionem
815 1780 943 1822 affert.
1007 1780 1271 1823 Sententiam
1304 1781 1387 1821 loci
1420 1780 1526 1821 hanc
1565 1784 1687 1835 putat
1720 1792 1833 1821 esse:
1881 1778 1975 1820 Das
2016 1779 2164 1830 Lami,
2203 1779 2297 1820 dem
2330 1779 2388 1819 du
2424 1778 2598 1829 weil-st,
2634 1778 2691 1818 ist

314 1851 563 1892 wichtelein
594 1851 846 1893 Vaterland:
882 1865 992 1907 quae
1024 1866 1111 1893 una
1144 1853 1180 1894 si
1212 1853 1257 1893 in
1291 1852 1431 1894 verbis
1464 1853 1603 1893 inesse
1635 1857 1793 1906 posset,
1827 1852 1919 1892 sine
1952 1852 2041 1892 ulla
2068 1851 2331 1892 dubitatione
2357 1850 2690 1891 concederemus

314 1936 400 1977 quo
428 1937 641 1978 properas·
674 1923 904 1979 legendum
937 1938 1040 1966 esse.
1103 1925 1307 1966 Alienum
1339 1929 1483 1965 nostro
1515 1925 1609 1965 loco
1643 1924 1763 1976 dicit,
1798 1924 1912 1978 quod
1946 1925 1983 1965 ei
2018 1924 2190 1965 videtur
2220 1924 2265 1964 in
2292 1923 2435 1964 verbis
2464 1936 2549 1977 quo
2577 1936 2684 1977 pro-

309 2009 434 2048 peres
475 1996 636 2037 inesse:
685 1994 761 2035 Du
801 1995 901 2036 hast
940 1995 1039 2036 Item
1078 1996 1327 2046 Vaterland,
1370 1996 1462 2036 dem
1505 1996 1563 2035 du
1604 1994 1833 2036 xnstreben
1873 1995 2087 2035 lsanntaet.
2167 1995 2221 2036 Et
2261 1996 2340 2035 1100
2381 1995 2555 2048 quidem
2589 2008 2689 2034 vere

314 2065 562 2107 affirmavit:
608 2071 650 2107 at
680 2079 856 2120 prorsus
888 2067 1004 2108 aliud
1038 2068 1148 2108 inest
1180 2069 1225 2108 in
1257 2068 1438 2108 lectione
1472 2067 1664 2121 vulgata:
1713 2066 1834 2107 nicht
1865 2066 1933 2107 die
1974 2066 2155 2114 Hee‘mat
2193 2067 2252 2106 ist
2289 2079 2350 2117 es,
2392 2067 2493 2106 dass
2524 2066 2583 2106 du
2620 2066 2691 2105 ihr

314 2136 486 2177 meilen
526 2141 746 2179 mitisstest.
814 2138 998 2180 Proinde
1032 2139 1136 2192 noli,
1181 2138 1409 2180 Laodamia
1448 2139 1604 2193 inquit,
1642 2151 1887 2193 properare;
1929 2152 2016 2179 non
2050 2144 2129 2191 est,
2172 2139 2286 2193 quod
2320 2151 2545 2193 properes:
2589 2151 2689 2179 nani

314 2208 388 2250 illa
419 2212 531 2250 terra
564 2223 691 2264 quam
723 2212 832 2265 petis
864 2224 949 2253 non
984 2215 1046 2253 est
1078 2211 1155 2253 tibi
1181 2216 1355 2266 paterna
1381 2214 1501 2252 terra.
1547 2210 1677 2264 „Tum
1706 2224 1805 2252 vero
1832 2211 1911 2264 (sic
1937 2216 2050 2252 recte
2075 2210 2271 2266 Terpstra
2297 2210 2501 2266 explicat)
2529 2210 2690 2251 multae

314 2293 475 2335 eaeque
505 2282 783 2336 gravissimae
816 2296 969 2324 causae
1008 2288 1165 2336 essent,
1207 2296 1315 2338 quae
1347 2288 1387 2324 te
1418 2283 1701 2337 impellerent,
1743 2288 1788 2324 ut
1826 2284 1990 2338 primus
2028 2284 2072 2323 in
2107 2287 2262 2324 terram
2301 2283 2515 2329 desilires,
2554 2283 2690 2337 patria

318 2352 416 2406 scil,
448 2356 660 2407 parentes,
691 2351 957 2397 Laodamia.“
1008 2353 1145 2396 Multo
1179 2355 1258 2396 hoc
1289 2355 1525 2410 elegantius
1558 2368 1581 2395 a
1612 2358 1735 2409 poeta
1769 2354 1931 2396 dictum
1964 2367 2056 2396 esse
2084 2355 2182 2409 quis
2210 2359 2273 2396 est
2300 2355 2374 2409 qui
2400 2367 2486 2396 non
2515 2354 2688 2396 videat?

533 2483 666 2527 XIII
699 2483 781 2527 119
815 2495 883 2538 sq.
926 2484 1106 2540 Semper
1136 2486 1187 2527 in
1219 2486 1289 2527 his
1321 2489 1420 2541 apte
1453 2485 1687 2527 narrantia
1719 2486 1846 2527 rerba
1878 2486 2117 2527 resistunt.-

858 2582 863 2587 ·
1040 2555 1296 2611 Promptior
1326 2560 1389 2597 est
1419 2556 1536 2597 dulei
1568 2556 1721 2611 linqua
1756 2556 1968 2611 referre
2002 2569 2137 2598 mora.

316 2626 554 2668 Retinenda
586 2627 689 2668 haec
722 2640 856 2681 paene
889 2629 1080 2669 omnium
1113 2628 1309 2670 codicum
1341 2629 1512 2670 videtur
1543 2629 1763 2683 scriptura.
1821 2628 1952 2670 Nulla
1984 2630 2099 2670 enim
2132 2629 2309 2671 offensio
2344 2643 2485 2683 neque
2518 2631 2560 2670 in
2598 2644 2690 2671 ver—

316 2697 467 2739 borum
501 2702 714 2740 structura
746 2712 886 2753 neque
917 2700 962 2740 in
1002 2700 1093 2753 ipso
1126 2699 1256 2741 verbo
1290 2699 1448 2753 referre
1487 2700 1680 2741 absolute
1720 2702 1856 2754 posito
1896 2702 2016 2742 inest.
2080 2700 2187 2742 Cum
2227 2702 2360 2755 igitur
2392 2702 2691 2742 emendatione

316 2770 423 2810 nihil
456 2783 564 2824 opus
596 2772 667 2823 sit,
710 2784 788 2812 nec
820 2774 984 2812 retenta
1017 2771 1185 2825 probari
1223 2776 1362 2826 potest
1395 2785 1472 2813 nec
1504 2771 1679 2825 refecta,
1723 2786 1831 2826 quae
1870 2774 2113 2813 coniectura
2152 2773 2318 2827 pridem
2354 2773 2463 2814 faceta
2497 2774 2546 2813 cl.
2581 2773 2689 2814 Fasti.

316 2840 390 2894 IV,
423 2843 510 2884 610
550 2842 845 2897 compluribus
884 2844 987 2884 viris
1030 2843 1162 2885 doctis
1200 2844 1367 2899 placuit.
1452 2844 1669 2898 Equidem
1708 2845 1902 2886 consulto
1944 2850 2108 2899 poetam
2148 2845 2339 2888 eiusdem
2385 2845 2504 2887 verbi
2545 2846 2691 2887 crebra

315 2913 564 2967 repetitione
595 2914 651 2969 (V.
682 2915 765 2956 116
799 2913 974 2969 referas,
1009 2929 1047 2957 v,
1078 2918 1160 2956 117
1186 2914 1356 2969 referes,
1392 2930 1428 2957 V.
1461 2916 1545 2958 120
1571 2915 1748 2970 referre)
1778 2930 1906 2957 nsum
1940 2929 2031 2957 esse
2063 2929 2229 2969 censeo,
2263 2930 2348 2971 quo
2384 2918 2518 2958 maior
2552 2919 2615 2958 vis
2648 2919 2689 2958 in

316 2984 564 3026 enarrandis
596 2984 725 3027 rebus
757 2985 810 3027 ad
843 2985 1010 3028 Troiam
1042 2987 1191 3041 gestis,
1223 2987 1266 3027 in
1301 2986 1459 3041 quibus
1492 2990 1578 3028 tota
1610 2992 1805 3029 versatur
1835 3000 1922 3040 reS,
1955 2988 2245 3030 collocaretur.

533 3116 664 3159 XIII
697 3116 777 3160 137
810 3128 878 3171 sq.
923 3117 1031 3173 Ipsa
1063 3118 1160 3159 suis
1193 3118 1403 3160 ommibus
1436 3118 1545 3173 forte?
1576 3131 1692 3161 ‘naza
1724 3122 1867 3174 napta
1899 3119 2061 3162 marito

1042 3189 1246 3246 Imponat
1273 3191 1438 3245 yaleam
1475 3189 1830 3246 Dardanaque
1861 3205 1989 3233 arma
2019 3191 2152 3233 dabit.

314 3260 385 3304 Sic
410 3261 645 3317 Parisinus,
672 3263 795 3304 cuius
822 3263 1048 3305 lectionem
1074 3264 1128 3305 ab
1155 3263 1352 3306 omnibus
1377 3264 1593 3320 repudiari
1620 3264 1761 3307 video:
1789 3264 1932 3306 editur
1957 3265 2072 3307 enim
2094 3265 2224 3322 vulgo
2252 3264 2519 3321 barbaraque
2544 3279 2684 3307 arma.
