3030 3723
523 242 571 286 X
603 242 657 286 31
690 254 759 296 sq.
886 242 980 284 Aut
1010 243 1117 296 vidi,
1150 248 1232 285 aut
1264 248 1545 297 tamquam
1577 257 1688 297 quae
1719 259 1788 285 me
1820 246 1981 287 vidisse
2009 250 2229 301 putarem,

1010 314 1239 371 Fmffldv'or
1266 314 1401 368 ylam‘c
1432 313 1798 370 semianimisque
1829 316 1916 370 fui.

305 386 389 428 Hic
421 387 561 439 locus,
595 386 647 428 de
681 399 767 442 quo
802 386 979 429 uberius
1012 388 1228 443 disputavi
1263 387 1284 427 l.
1314 387 1337 427 l.
1366 399 1432 442 pp.
1462 387 1548 430 403
1576 400 1650 442 sq.‚
1682 399 1776 429 meo
1809 388 1970 430 iudicio
1998 402 2084 431 non
2118 394 2181 433 est
2212 391 2527 434 emendandus:
2562 402 2692 433 sanus

304 458 357 500 ab
391 459 508 500 omni
541 462 660 513 parte
692 459 799 500 mihi
833 460 1013 502 videtur.

522 565 570 609 X
603 564 686 609 141
720 577 790 620 sq.
888 566 990 607 Non
1025 569 1061 607 te
1088 578 1170 620 per
1205 564 1410 606 meritum
1447 590 1501 595 —
1537 566 1750 621 quomam
1783 566 1894 607 male
1925 566 2053 608 cessit
2085 593 2140 596 —
2173 568 2334 610 adoro:

1009 636 1166 678 Debita
1198 637 1259 678 sit
1290 637 1406 691 facto
1435 638 1584 691 qratia
1615 638 1740 679 nulla
1773 651 1866 679 ‘meo
1883 653 1897 679 .·

890 708 974 750 Sed
1004 722 1070 749 ne
1096 723 1277 763 poena
1310 725 1335 763 q
1351 723 1377 749 u
1394 709 1550 751 idem.
1621 710 1672 751 Si
1704 724 1795 750 vmm
1828 723 1899 764 890
1931 724 2067 751 eausa
2098 711 2271 762 salutis,

1010 780 1111 822 Non
1146 785 1291 823 tamen
1325 784 1404 833 est,
1439 795 1520 822 eur
1550 782 1614 823 sis
1649 786 1698 823 tu
1731 782 1844 823 veihi
1875 796 2009 824 causa
2040 782 2172 823 nem's.

304 854 370 896 Ita
402 853 627 896 Parisinus
660 866 758 894 cum
791 853 886 894 aliis
918 852 1050 895 libris.
1115 852 1311 894 Editores
1352 865 1501 894 omnes
1545 853 1630 894 Sed
1671 868 1766 895 nec
1803 867 1948 909 poena
1988 853 2160 909 quidem
2194 854 2240 895 in
2282 857 2404 895 textu
2446 860 2711 909 posuerunt‚·

305 927 423 982 quod
457 925 674 982 quomodo
708 924 964 967 defendatur
995 926 1152 967 nescio.
1216 924 1334 966 Nihil
1367 926 1483 967 enim
1518 926 1570 967 de
1601 939 1650 968 ea
1682 940 1728 968 re
1762 927 1843 968 viri
1877 927 1990 969 docti
2024 927 2181 969 dicunt.
2245 924 2516 981 Quamquam
2550 925 2694 980 XVII,

304 1000 393 1042 235
430 998 527 1040 Tale
560 998 677 1039 nihil
709 997 865 1038 timeo.-
900 998 976 1039 sed
1008 1012 1083 1039 nee
1116 996 1264 1038 Medea
1300 997 1479 1038 timebat
1510 998 1687 1053 legitur:
1723 1003 1766 1039 at
1793 999 1917 1041 aliter
1943 1003 2210 1055 comparatus
2237 1002 2300 1040 est
2325 998 2394 1040 hic
2420 998 2558 1052 locus,
2592 1000 2694 1054 quia

305 1071 482 1127 quidem
514 1072 559 1112 in
587 1084 636 1113 eo
662 1083 751 1111 non
785 1071 905 1112 inest.
952 1071 1097 1124 Atque
1131 1082 1179 1111 eo
1214 1070 1350 1124 magis
1384 1070 1516 1111 miror
1548 1069 1733 1111 Parisini
1767 1070 1992 1113 lectionem
2026 1072 2292 1127 repudiatam
2324 1084 2434 1124 esse,
2468 1071 2583 1126 quod
2609 1072 2692 1113 iam

306 1144 614 1185 Ruhnkenium
648 1143 773 1183 video
807 1143 889 1197 legi
932 1143 1110 1182 iussisse
1154 1140 1239 1181 Sed
1280 1155 1333 1181 ne
1367 1155 1514 1195 poena
1555 1141 1755 1195 quidem:
1802 1156 1902 1183 nam
1943 1147 2138 1185 constare
2176 1143 2323 1185 scribit
2362 1144 2474 1184 inter
2514 1143 2693 1197 criticos,

307 1215 559 1270 ubicunque
594 1228 670 1255 nee
702 1214 878 1268 quidem
906 1214 974 1254 vel
1000 1226 1141 1266 neque
1173 1212 1350 1267 quidem
1384 1213 1563 1267 legatur,
1596 1213 1871 1254 scribendum
1899 1227 1991 1255 esse
2017 1228 2072 1255 ne
2103 1215 2293 1270 quidem.
2348 1215 2460 1256 Petit
2486 1228 2508 1255 a
2533 1214 2693 1255 Theseo

306 1287 515 1341 Ariadne,
547 1291 614 1340 ut,
648 1288 684 1328 si
717 1299 803 1327 non
836 1286 1024 1341 praemio
1058 1286 1125 1326 sui
1159 1287 1202 1326 in
1238 1285 1360 1326 illum
1394 1287 1554 1337 meriti,
1587 1292 1627 1327 at
1661 1299 1714 1326 ne
1746 1298 1883 1341 poena
1917 1287 2092 1341 quidem
2126 1287 2345 1328 afficiatur.

523 1406 628 1449 XII
663 1405 719 1448 19
752 1418 821 1458 sq.
889 1405 1071 1445 Semina
1103 1405 1289 1456 siemssssess
1326 1405 1586 1459 totidemque
1619 1409 1658 1445 et
1688 1405 1861 1446 semitm
1892 1409 1933 1445 et
1963 1405 2116 1456 hostes,

1016 1476 1072 1518 Ut
1103 1477 1269 1517 caderet
1301 1477 1423 1517 culm
1456 1478 1597 1517 cultor
1627 1477 1681 1518 ab
1712 1477 1806 1531 ipse
1837 1490 1932 1518 suo.

304 1551 533 1607 Egregiam
568 1551 678 1591 hanc
711 1549 898 1590 Parisini
931 1549 1157 1590 lectionem
1197 1552 1346 1589 contra
1385 1548 1658 1600 Merkelium,
1699 1548 2045 1602 Sedlmayerum,
2087 1549 2192 1589 alios
2225 1548 2382 1589 multos
2415 1549 2586 1590 defendi
2617 1551 2642 1592 l.
2670 1551 2694 1591 l.

304 1637 342 1679 p.
371 1625 471 1665 404.
535 1623 649 1663 Vere
681 1626 831 1676 poetae
864 1621 996 1662 verba
1035 1620 1207 1661 Riesius
1249 1622 1293 1660 in
1327 1621 1515 1661 editione
1548 1635 1626 1662 sua
1658 1621 1945 1673 intellexerat,
1984 1624 2114 1675 atque
2154 1620 2267 1661 idem
2305 1621 2434 1661 sentit
2474 1620 2579 1673 Leo,
2620 1623 2693 1675 qui

305 1695 635 1749 Sedlmayerum
668 1694 827 1735 iniuria
860 1706 884 1734 a
910 1693 1057 1734 codice
1090 1692 1287 1734 Parisino
1322 1694 1549 1735 recessisse
1582 1693 1751 1734 iudicat.
1825 1692 1984 1734 Mirum
2019 1705 2147 1749 quam
2181 1692 2281 1734 inde
2314 1691 2366 1733 ab
2386 1691 2579 1752 »Heinsio
2613 1693 2695 1733 viri

306 1769 419 1810 docti
452 1768 595 1809 locum
630 1767 908 1808 sanissimum
942 1770 1276 1822 temptaverunt,
1316 1767 1542 1821 magisque
1577 1768 1716 1818 miror,
1761 1767 1864 1821 quid
1897 1766 2092 1807 Riesium
2125 1766 2420 1819 commoverit,
2461 1770 2509 1807 ut
2548 1769 2695 1821 postea

305 1841 560 1882 sententiam
594 1842 789 1880 mutaret.

523 1946 628 1990 XII
661 1946 722 1989 65
756 1958 825 1999 sq.
891 1945 1220 2000 Disiectamque
1252 1959 1396 1987 eomas·
1429 1946 1755 2000 adversaque
1790 1945 1838 1986 iu
1872 1959 1948 1986 ora
1983 1946 2189 1987 iacentem

1009 2017 1202 2069 Invenit,
1237 2021 1277 2057 et
1310 2018 1507 2058 lacrimis
1540 2017 1691 2057 omnia
1721 2018 1854 2071 plena
1890 2017 2008 2057 meis.

306 2091 370 2132 Ita
403 2104 501 2132 cum
534 2091 732 2146 plurimis
765 2090 915 2144 eisque
949 2090 1119 2144 optimis
1153 2089 1375 2130 codicibus
1410 2088 1654 2131 Merkelius.
1706 2088 1996 2130 Vehementer
2029 2088 2190 2140 dubito,
2223 2101 2329 2129 num
2354 2087 2543 2141 Riesius,
2576 2087 2695 2129 Sedl-

306 2176 526 2217 mayerus,
560 2163 631 2204 alii
665 2167 778 2203 recte
810 2175 1048 2217 aversaque
1082 2162 1127 2202 iu
1164 2176 1241 2203 ora
1273 2162 1483 2203 {aventem
1519 2163 1775 2217 scripserint.
1829 2160 1887 2202 Cf.
1916 2161 2031 2202 Caes.
2060 2161 2153 2202 bell.
2182 2162 2260 2202 civ,
2289 2160 2366 2214 ΙΙΙ,
2394 2161 2463 2213 99,
2493 2162 2512 2201 1
2545 2160 2690 2201 Inter-

304 2236 444 2289 fectus
477 2239 540 2276 est
574 2261 627 2264 —
668 2234 903 2276 Crastinus
938 2259 991 2262 —
1024 2234 1170 2288 ylade'o
1212 2234 1268 2274 in
1311 2248 1368 2275 os
1407 2234 1702 2275 adversam
1742 2234 1958 2283 contecto,-
2004 2233 2098 2274 bell.
2128 2233 2233 2274 Gall.
2263 2233 2313 2286 V,
2347 2234 2422 2285 35,
2456 2234 2481 2273 8
2524 2232 2695 2273 Lucius

310 2307 433 2349 Cotta
465 2308 631 2361 leyat'ecs
665 2320 815 2347 omnes
848 2306 1040 2347 cohortes
1072 2306 1333 2360 ordinesque
1364 2306 1605 2347 adhortans
1641 2305 1697 2345 ‘In
1730 2305 1967 2346 adver-su
1983 2319 2022 2345 m
2057 2319 2112 2345 os
2147 2304 2294 2358 funda
2326 2305 2600 2345 vulneratur.

523 2436 628 2480 XII
661 2436 745 2484 119
780 2450 849 2491 sq.
890 2436 978 2479 Nec
1012 2441 1156 2479 tamen
1191 2437 1380 2479 extimui
1408 2463 1461 2467 —
1490 2436 1601 2491 quid
1632 2436 1750 2477 enim
1780 2440 1881 2491 post
1912 2435 1990 2477 illa
2023 2435 2251 2477 timerem?
2294 2461 2347 2466 —

1014 2508 1188 2551 Oredere
1223 2524 1287 2550 me
1316 2510 1480 2564 pelayo,
1514 2508 1686 2563 femina
1718 2508 1940 2562 rsaumque
1972 2522 2144 2549 nocem.

305 2581 436 2624 Recte
470 2580 654 2623 Parisini
688 2581 916 2623 lectionem
950 2581 1126 2636 iamque
1161 2595 1317 2622 nocens
1351 2586 1499 2622 eontra
1538 2580 1794 2622 Merkelium
1827 2584 1868 2622 et
1900 2579 2092 2622 Riesium
2126 2578 2430 2633 Sedlmayerus
2469 2579 2697 2631 revocavit,

306 2668 383 2694 nec
417 2654 636 2709 vulgatam
672 2657 848 2708 tamque
881 2667 1040 2693 nocens
1074 2668 1096 2694 a
1132 2654 1180 2695 K.
1211 2654 1254 2694 P.
1284 2653 1483 2694 Schulzio
1519 2653 1688 2693 defendi
1722 2654 1921 2707 oportuit.
1973 2652 2054 2692 Sed
2091 2652 2205 2706 quod
2240 2652 2369 2705 vulgo
2403 2655 2497 2705 post
2527 2650 2698 2704 femina

305 2730 515 2767 commate
548 2726 883 2781 interpungitur,
917 2739 1083 2766 comnia
1115 2727 1257 2780 potius
1290 2730 1387 2766 ante
1421 2725 1533 2766 idem
1569 2724 1826 2765 vocabulum
1860 2723 2108 2779 ponendum
2142 2727 2214 2764 est.
2271 2722 2367 2763 Hoc
2401 2722 2513 2763 enini
2548 2721 2697 2762 Medea

305 2798 427 2839 dicit:
473 2810 559 2839 non
600 2798 782 2839 extimui
824 2810 891 2839 me
930 2798 1080 2852 pelago
1120 2797 1310 2845 credere,
1344 2798 1422 2838 etsi
1463 2797 1640 2848 femina,
1683 2797 1761 2837 etsi
1796 2797 1879 2836 iam
1913 2795 2075 2836 nefario
2110 2795 2268 2835 scelere
2301 2794 2511 2835 obstricta.
2576 2793 2697 2835 Duae

305 2870 439 2924 igitur
479 2883 633 2911 causae
675 2874 794 2923 sunt,
840 2883 918 2910 cur
963 2871 1241 2911 extimescere
1283 2871 1486 2924 potuerit,
1532 2869 1660 2910 altera
1703 2869 1745 2909 in
1787 2881 1897 2909 sexu
1943 2867 2036 2908 eius
2081 2867 2236 2922 posita,
2282 2866 2412 2908 altera
2453 2867 2498 2908 in
2540 2866 2698 2908 scelere

305 2942 434 2982 occisi
472 2941 626 2982 fratris.

525 3047 629 3090 XII
658 3046 745 3091 149
766 3060 867 3102 sqq.
896 3047 969 3089 Me
1001 3061 1185 3102 quoque,
1220 3047 1440 3103 quidquid
1470 3051 1574 3095 erat,
1606 3046 1759 3102 potius
1795 3045 1959 3086 nescire
1993 3045 2200 3088 ‘'m-nbat.-

776 3121 861 3163 150
1019 3118 1104 3162 Sed
1136 3123 1364 3175 tamqnam
1396 3119 1571 3171 scirem,
1609 3132 1729 3160 mens
1765 3131 1858 3159 mea
1892 3118 2034 3160 tristis
2066 3121 2159 3160 erat
2175 3133 2189 3159 .-

892 3190 1002 3232 Cum
1035 3190 1186 3232 minor
1217 3205 1237 3232 e.
1266 3190 1420 3246 pueris
1455 3217 1509 3220 —
1547 3190 1697 3231 iuss-us
1730 3188 1962 3243 studioque
1998 3189 2173 3231 videndi

1012 3263 1222 3306 Constitit
1252 3264 1311 3305 ad
1338 3264 1538 3318 yemimze
1572 3262 1731 3304 limina
1760 3262 1913 3319 prima
1945 3261 2057 3316 foris
2092 3287 2146 3291 —-—
